3884 5634
865 600 1084 665 -2g..

546 778 616 855 ,Ille
639 777 758 842 aderat
780 777 884 843 multo
907 777 1026 843 sudore
1049 782 1085 843 et
1107 778 1241 861 pulvere
1264 779 1376 856 maior,

544 886 590 952 Et
613 889 722 950 tamen
745 903 838 951 arma
860 884 948 952 inter
971 879 1207 967 festinatosque
1232 887 1362 957 labores

543 991 656 1058 Dulcis
679 982 786 1057 adhuc
809 991 899 1058 visu:
924 993 1021 1058 niveo
1044 997 1142 1059 natat
1163 992 1248 1076 ignis
1272 993 1307 1060 in
1331 1014 1388 1061 ore

543 1100 732 1182 Purpureus
754 1098 909 1180 fulvoque
932 1100 1018 1167 nitet
1040 1119 1131 1166 coma
1153 1101 1283 1184 gratior
1307 1120 1397 1169 auro.

543 1206 687 1273 Necdum
711 1206 817 1287 prima
839 1226 927 1274 nova
949 1206 1103 1292 lanugine
1126 1208 1271 1274 vertitur
1294 1215 1397 1291 aetas,

543 1313 823 1395 Tranquillaeque
846 1313 935 1381 iaces
952 1315 1063 1381 ¹oculis
1086 1319 1121 1380 et
1144 1315 1285 1398 plurima
1302 1316 1398 1383 vultu

545 1422 655 1487 Mater
678 1421 765 1487 inest
788 1427 857 1488 etc‘
899 1451 906 1467 =
1266 1475 1277 1495 .,

472 1528 612 1594 Praeter
636 1533 746 1595 autem
769 1529 860 1595 illam
883 1528 1086 1614 facultatem,
1108 1530 1141 1595 in
1165 1549 1229 1612 qua
1252 1529 1396 1597 Statium
1419 1530 1557 1596 maxime

383 1635 527 1701 eminere
552 1636 706 1719 videmus,
731 1636 830 1702 aliam
854 1637 1022 1703 remitam
1047 1656 1127 1718 esse,
1150 1656 1234 1719 quae
1255 1657 1326 1704 curn
1341 1638 1412 1704 eius
1425 1638 1558 1721 ingenio

383 1762 421 1809 ac
444 1748 564 1810 natura
586 1744 718 1826 poetica
741 1744 785 1810 sit
809 1744 913 1811 artius
937 1744 1119 1828 coniuncta,
1134 1744 1359 1811 iudicabimus.
1403 1745 1558 1811 Memine-

383 1849 483 1916 rimus
507 1850 611 1917 veluti
643 1851 729 1917 illud
759 1852 921 1934 poeticum
946 1871 1077 1918 carmen
1097 1851 1178 1918 Silv.
1192 1853 1228 1936 V,
1245 1854 1275 1933 4,
1289 1852 1323 1918 in
1337 1872 1400 1934 qno
1423 1871 1558 1918 amoene
1610 1933 1616 1945 ·

384 1976 530 2023 necnon
554 1963 674 2042 argute
698 1978 724 2025 e.
748 1978 779 2042 g.
803 1979 823 2024 a
846 1959 965 2026 Somno
990 1959 1076 2042 petit
1098 1960 1159 2024 hoc
1183 1959 1226 2045 (v.
1252 1963 1294 2025 14
1317 1962 1394 2041 sq.):

496 2067 550 2143 ‚At
573 2084 668 2147 nnnc,
691 2066 764 2150 heu,
788 2066 816 2132 si
839 2066 958 2148 aliquis
982 2067 1081 2149 longa
1103 2068 1163 2132 sub
1187 2073 1284 2133 nocte
1307 2066 1440 2149 puellae

495 2172 648 2239 bracchia
680 2191 765 2239 nexa
796 2178 912 2240 tenens
945 2175 1033 2240 ultro
1066 2179 1118 2253 te,
1150 2174 1277 2258 Somne,
1299 2173 1434 2255 repellit

457 2274 461 2281 ’
496 2280 571 2346 inde
596 2277 708 2360 veni!‘'

383 2387 510 2453 Deinde
543 2389 752 2470 perlegamus
785 2406 813 2453 e.
842 2408 872 2471 g.
896 2388 1061 2455 Silvarum
1095 2388 1241 2455 carmina
1263 2390 1315 2466 Il,
1339 2391 1359 2455 3
1384 2395 1418 2454 et
1441 2388 1513 2473 ΙΙΙ,
1538 2391 1556 2455 1

384 2513 533 2561 necnon
556 2494 752 2561 Achilleida.
775 2532 819 2542 --
884 2538 887 2550 ·
1138 2563 1140 2565 ,
1339 2559 1342 2565 ,
1371 2555 1382 2565 ,,

472 2602 566 2686 Quod
590 2601 718 2683 quidem
742 2602 867 2684 epicum
892 2622 973 2684 opus
988 2602 1137 2669 Ribbeck
1152 2603 1188 2688 (l.
1202 2603 1223 2669 l.
1239 2624 1269 2684 p.
1285 2604 1363 2687 244)
1388 2602 1558 2684 aptissimo

249 2727 255 2741 ·
384 2710 541 2777 vocabulo
565 2709 726 2777 indicavit
748 2714 862 2775 nostra
885 2710 1018 2793 lingua:
1051 2710 1239 2794 gemiltlich,
1262 2710 1471 2777 schalkhalte
1485 2711 1558 2795 ‚Er-

385 2819 537 2901 zdhlung.
1197 2867 1200 2875 ‚

471 2925 532 2990 His
562 2924 665 3008 igitur
697 2924 870 3007 praecipue
913 2923 1129 2992 facultatibus
1160 2923 1256 2992 floret
1290 2929 1406 3008 poeta,
1439 2924 1553 3006 quibus

383 3032 552 3116 praeditus
575 3032 767 3099 ioculariter
789 3031 963 3113 facetaque
987 3050 1047 3098 nec
1061 3052 1125 3099 non
1138 3032 1279 3099 iucunde
1297 3050 1434 3098 narrare
1455 3039 1556 3113 atquc

383 3139 610 3223 imagunculae
634 3140 781 3222 quidem,
814 3139 843 3206 si
875 3140 936 3206 hoc
968 3141 1128 3207 vocabulo
1152 3139 1202 3206 uti
1221 3139 1299 3206 mihi
1321 3139 1419 3222 licet,
1442 3138 1558 3222 paucis

384 3248 577 3314 adumbrare
599 3254 635 3313 et
659 3266 737 3314 vere
761 3247 939 3331 depingere
963 3248 1073 3314 callet.
1096 3284 1140 3318 -,-
1163 3247 1324 3329 Exempla
1339 3252 1448 3313 autem
1469 3245 1559 3312 inira

383 3356 518 3438 augebo.
564 3356 631 3421 Iam
655 3354 863 3436 inspiciamus
887 3356 1022 3439 singula
1045 3374 1146 3438 opera
1163 3355 1252 3449 ipsa.

471 3462 669 3529 Thebaidem
703 3463 850 3546 quidem,
883 3462 1003 3545 quippe
1039 3462 1073 3528 in
1106 3482 1171 3543 qua
1203 3462 1386 3529 auctoritas
1420 3462 1574 3528 scholae

382 3588 487 3653 paene
511 3590 641 3652 prorsus
665 3571 789 3654 valeat,
814 3589 925 3644 omnes
948 3569 1019 3636 fere
1048 3569 1112 3635 viri
1136 3569 1223 3636 docti
1237 3569 1437 3653 vituperant.
1472 3569 1557 3649 Quin

382 3678 481 3745 etiarn
505 3679 671 3745 Baehrens
695 3680 726 3761 (l.
751 3681 773 3746 l.
799 3700 828 3762 p.
852 3678 960 3762 XVII)
985 3676 1080 3743 adid
1103 3676 1260 3758 procedit,
1285 3681 1321 3743 ut
1343 3678 1404 3743 hcc
1425 3695 1556 3742 carmen

385 3785 510 3868 epicum
536 3785 691 3867 corripiat
716 3786 767 3852 his
790 3786 902 3853 verbis
926 3821 968 3831 —
993 3785 1081 3851 haud
1105 3784 1201 3850 dubie
1224 3785 1320 3850 nimis
1336 3783 1445 3850 duris:
1469 3783 1556 3849 Tere

387 3892 581 3973 despicimus
605 3893 789 3979 Thebaida,
813 3900 851 3961 ut
874 3912 954 3977 opus
980 3898 1116 3976 propter
1138 3893 1243 3976 ipsam
1268 3892 1450 3959 doctrinam
1478 3890 1556 3957 ieiu-

385 4018 458 4065 num
493 4001 756 4084 languidumque.
797 4038 841 4048 -
883 4000 1044 4081 Displicet
1077 4018 1156 4066 sane
1189 4002 1244 4067 vel
1279 3999 1436 4079 maxime,
1471 4001 1556 4080 quod

385 4108 513 4175 Statius
536 4108 706 4175 scientiam
730 4108 899 4175 immodice
928 4107 1087 4174 adhibens
1111 4112 1146 4174 et
1179 4112 1349 4174 ostentans
1381 4125 1452 4171 sese
1486 4126 1557 4173 sae-

385 4215 517 4297 pissime
541 4216 674 4283 auribus
697 4216 844 4282 inculcat
867 4216 999 4282 nostris.
1464 4280 1465 4284 ,

473 4322 546 4387 Huc
580 4322 723 4405 accedit,
758 4323 845 4403 quod
878 4324 1029 4389 Moerner
1057 4322 1092 4407 (l.
1117 4325 1138 4389 l.
1162 4342 1190 4405 p.
1216 4323 1275 4403 19;
1299 4342 1327 4405 p.
1354 4326 1371 4389 1
1397 4324 1455 4402 sq.)
1485 4340 1555 4387 cum

385 4448 485 4496 causa
508 4434 626 4511 poetae
650 4448 771 4495 summo
797 4429 969 4513 opprobrio
995 4430 1096 4495 vertit
1119 4430 1338 4495 obscuritates
1371 4433 1406 4493 et
1434 4428 1556 4495 dissen-

385 4536 492 4605 siones
516 4536 549 4602 in
573 4536 739 4602 Thebaide
763 4538 927 4617 quasdam.
976 4537 1064 4620 Quas
1088 4536 1175 4616 quod
1198 4536 1232 4600 in
1247 4535 1424 4618 Thebaide,
1443 4534 1556 4615 inquo

386 4644 530 4711 carmine
555 4643 645 4725 epicc
669 4647 842 4727 pangendo
867 4650 902 4709 et
925 4643 1065 4709 limando
1090 4661 1124 4709 se
1159 4642 1350 4709 duodecium
1374 4661 1475 4708 annos
1499 4643 1555 4708 im·
