3884 5634
869 659 1090 722 -18-

484 832 606 916 Quodsi
638 832 741 917 igitur
774 853 833 916 ego
866 835 926 899 hoc
957 833 1065 916 capite
1097 836 1136 901 de
1160 835 1267 901 Statio
1300 843 1398 918 poeta
1421 858 1470 906 me
1495 863 1566 910 esse

392 940 555 1006 facturum
595 943 698 1007 verba
747 941 940 1027 pronuntio,
984 942 1184 1023 acquiescam
1229 943 1263 1008 in
1310 948 1565 1032 adumbratione,

392 1048 485 1127 quasi
517 1047 551 1112 in
583 1047 807 1129 lineamentis3
839 1068 901 1114 non
934 1067 1039 1115 meum
1062 1050 1143 1134 erit,
1175 1050 1305 1135 singula
1328 1054 1449 1138 omnia,
1482 1077 1563 1137 quae

392 1155 454 1220 hac
486 1157 525 1220 de
550 1156 738 1235 quaestione
761 1161 838 1222 sunt
861 1156 1005 1233 dicenda,
1028 1156 1148 1223 iterum
1171 1162 1324 1243 tractare,
1354 1164 1411 1226 sed
1435 1162 1467 1227 in
1493 1164 1564 1230 uni-

392 1281 520 1328 versum
545 1282 592 1337 ea,
617 1281 698 1343 quae
722 1263 785 1328 iam
810 1283 830 1328 a
856 1264 934 1331 uiris
954 1264 1057 1330 doctis
1072 1270 1149 1330 sunt
1163 1265 1350 1350 explanata,
1373 1287 1564 1350 componere

392 1389 430 1434 ac
454 1372 733 1451 comprehendere,
766 1372 825 1438 sub
850 1390 911 1437 uno
935 1378 1070 1454 aspectu
1093 1390 1221 1456 ponere,
1244 1372 1374 1456 singula
1398 1379 1564 1460 quaedam,

392 1496 474 1557 (quae
507 1479 646 1542 noudum
671 1478 753 1543 satis
776 1478 944 1545 illustrata
966 1485 1051 1558 sunt,
1075 1479 1259 1546 accuratius
1282 1483 1416 1562 exsequi
1440 1522 1492 1568 -,
1516 1484 1561 1550 ita

391 1591 428 1649 ut
452 1584 543 1664 quasi
567 1585 672 1669 imago
696 1588 853 1666 quaedam
877 1605 957 1652 vera
980 1593 1097 1668 poetae
1120 1586 1267 1654 exsistat.
1291 1625 1335 1634 -

480 1710 527 1776 Ut
550 1710 638 1776 illius
666 1711 786 1777 aetatis
811 1716 923 1792 poetas
946 1718 1036 1777 recte
1060 1712 1288 1796 intellegamus
1312 1732 1350 1778 ac
1377 1713 1561 1795 iudicemus,

390 1835 430 1881 ex
464 1837 503 1883 ea
534 1838 569 1883 re
604 1818 866 1900 proficiscendum
899 1825 966 1898 est,
1000 1822 1084 1899 quod
1116 1839 1233 1886 revera
1264 1820 1330 1886 illis
1362 1823 1561 1902 temporibus

390 1944 483 1991 uemo
514 1926 584 1992 fere
616 1945 679 1990 non
712 1924 745 1990 in
775 1925 849 1991 ludo
873 1926 1036 1992 rhetorico
1060 1933 1112 1993 est
1135 1927 1282 1994 eruditus
1306 1932 1340 1993 61
1362 1925 1558 2007 instructum

390 2034 457 2099 Leo
471 2032 493 2115 ¹)
526 2032 645 2114 optimo
678 2031 748 2097 iude
782 2052 852 2098 esse
876 2033 1110 2115 respiciendum
1135 2032 1310 2117 perhibuit,
1337 2040 1500 2117 ,quantum
1524 2034 1556 2099 in

390 2142 501 2223 poesin
524 2143 703 2207 Romanam
729 2139 919 2222 disciplinae
943 2140 1127 2207 rhetoricae
1151 2140 1345 2207 exercitatio
1368 2141 1528 2210 valuerit‘

478 2269 594 2348 Itaque
618 2284 744 2346 semper
758 2284 956 2349 quaeremus,
981 2273 1089 2333 utrum
1104 2266 1231 2334 omnino
1245 2265 1371 2333 nomine
1389 2274 1559 2349 poetarum

388 2375 455 2441 sint
479 2373 568 2458 digni
593 2392 634 2438 au
659 2372 761 2455 magis
784 2374 933 2439 rhetores
957 2392 1050 2454 quam
1076 2381 1188 2457 poetas
1211 2394 1283 2441 sese
1305 2380 1479 2456 praestent.

477 2483 526 2547 Ac
557 2480 695 2563 primum
728 2478 872 2561 quidem,
905 2488 942 2547 ut
975 2482 1086 2563 paucis
1118 2489 1264 2563 repetam
1283 2481 1331 2548 ·in
1363 2478 1556 2564 universum,

389 2589 504 2671 quibus
536 2590 634 2655 rebus
665 2588 720 2654 1116
755 2607 879 2669 quoque
912 2607 982 2653 sese
1014 2590 1172 2668 praebeat
1194 2588 1262 2651 ludi
1287 2589 1459 2667 alumnum,
1487 2593 1560 2655 tota

389 2696 457 2762 eius
488 2696 587 2763 dictio
620 2702 657 2762 ut
691 2701 871 2761 ceterorum
903 2693 1033 2775 penitus
1056 2693 1161 2759 tincta
1184 2698 1235 2757 est
1258 2694 1420 2759 rhetorico
1445 2696 1559 2773 colore,

388 2804 503 2870 deinde
537 2802 742 2869 institutione
767 2801 961 2868 scholastica
984 2800 1170 2867 immensam
1195 2799 1374 2867 doctrinam
1398 2807 1433 2868 et
1456 2803 1558 2869 scien·

386 2911 466 2977 tiam
489 2907 646 2991 imprimis
670 2908 961 2992 mythologicarum
984 2928 1092 2973 rerum
1107 2926 1177 2974 cum
1192 2909 1339 2991 adeptus,
1362 2912 1431 2974 t'um
1451 2916 1556 2976 osten-

386 3025 457 3084 tare
491 3016 692 3082 assuefactus
726 3022 794 3100 est,
827 3015 964 3097 denique
997 3016 1158 3083 didicerat
1189 3023 1365 3098 praecepta
1393 3017 1557 3084 rhetorica

387 3126 543 3206 quaedam
576 3123 679 3190 veluti
713 3123 983 3206 descriptionum,
1019 3124 1184 3190 rhetorica
1216 3128 1359 3205 σχήματα
1392 3128 1558 3208 quaedam,

386 3252 445 3298 nec
476 3251 539 3297 non
571 3232 685 3302 τόπους
717 3233 886 3314 quosdam,
920 3231 1100 3297 sententias
1133 3236 1240 3297 certas
1273 3234 1428 3312 quasdam
1452 3232 1556 3298 veluti

385 3339 419 3405 in
444 3338 716 3405 consolationibus
741 3338 949 3404 adhibendas.

475 3446 674 3530 Quaeramus
699 3444 858 3528 universe,
883 3448 1038 3525 quomodo
1063 3464 1101 3510 ac
1125 3451 1283 3525 quatenus
1298 3443 1353 3508 1116
1368 3441 1412 3508 sit
1426 3449 1556 3507 secutus

386 3560 490 3619 artem
523 3558 557 3619 et
580 3559 774 3635 praecepta,
797 3572 871 3617 num
897 3551 1109 3618 fundamenta
1133 3551 1208 3632 illa,
1241 3551 1357 3632 quibus
1380 3548 1498 3614 nititur
1521 3549 1555 3614 in

384 3679 476 3727 suum
509 3679 600 3727 usum
623 3667 813 3727 convertere
838 3659 930 3741 sciat,
963 3668 997 3724 ct
1025 3657 1208 3740 praecipue,
1236 3676 1312 3722 num
1336 3655 1462 3723 omnino
1486 3656 1555 3740 ipse

384 3788 461 3835 vere
484 3767 611 3850 poetico
634 3766 764 3851 ingenio
788 3768 833 3833 sit
855 3767 1024 3849 praeditus
1049 3785 1086 3830 ao
1109 3770 1230 3831 natura
1252 3764 1393 3848 propria.

473 3873 606 3941 Scilicet
638 3877 678 3941 de
711 3876 772 3941 hac
795 3895 848 3953 rc,
878 3876 964 3955 quod
987 3874 1114 3940 Statius
1137 3872 1264 3940 omnino
1287 3876 1391 3942 verba
1415 3870 1553 3940 rhetori·

384 4001 455 4049 cum
478 3982 511 4048 in
535 3985 662 4049 modum
673 3982 755 4049 facit
773 3989 845 4050 tota
859 3981 1008 4066 dictione,
1016 3980 1040 4062 ²)
1055 4001 1125 4048 oum
1149 3981 1182 4048 in
1206 3984 1267 4049 hoc
1286 4002 1305 4047 6
1324 3980 1434 4047 schola
1452 3998 1554 4061 paene

384 4110 516 4174 prorsus
549 4093 707 4176 pendeat,
740 4090 852 4173 paucis
885 4090 995 4158 verbis
1027 4091 1076 4158 uti
1109 4090 1189 4157 mihi
1217 4090 1323 4168 liceat.
1368 4089 1423 4153 Ia
1446 4091 1554 4150 autem

384 4197 604 4279 quaestionem
628 4198 855 4276 instituamus
889 4205 925 4266 ut
958 4199 1129 4266 nonnullas
1161 4198 1382 4262 tantummodo
1415 4208 1554 4256 summas

382 4326 435 4372 res
468 4306 668 4388 attingamus
710 4313 744 4373 et
786 4305 976 4386 quibusdam
1010 4304 1165 4387 exemplis
1198 4302 1309 4368 allatis
1341 4303 1554 4364 monstremus

383 4434 454 4480 eam
477 4433 554 4492 rem,
578 4416 661 4495 quod
685 4415 778 4495 quasi
801 4415 944 4481 imbutus
968 4421 1019 4479 est
1043 4419 1115 4479 arte
1134 4408 1337 4485 scholastica,
1362 4407 1439 4471 item
1454 4404 1553 4470 luisse

384 4561 593 4572 ——.---—-—

473 4629 654 4702 1)Ιι1(1.]661.
675 4629 799 4700 Gotting.
821 4629 938 4697 1892193
958 4648 985 4698 p.
1005 4630 1020 4682 7
1041 4645 1081 4695 sq.

471 4721 492 4790 ²)
512 4721 546 4777 cs.
566 4720 653 4775 voluti
673 4719 772 4774 Vollm.
794 4721 920 4789 16111131.
