3884 5634
903 587 1122 651 ..36-

516 764 586 829 Non
620 782 679 831 sua
716 762 825 829 indole
862 763 991 830 Statius
1030 764 1142 846 apicus
1179 769 1278 846 poeta
1314 764 1423 832 tactus
1451 771 1512 848 est,
1543 769 1602 833 sed

428 873 514 952 quod
551 870 680 937 omnino
726 869 874 954 ,florebat
921 890 981 952 per
1025 872 1163 953 primum
1204 871 1436 955 imperatorum
1484 891 1600 940 aevum

428 997 526 1045 unum
550 978 675 1059 epicum
700 978 816 1059 genus,
839 984 878 1044 ut
900 978 968 1045 Leo
993 979 1070 1063 (1.1.
1095 998 1124 1060 p.
1148 978 1182 1063 4)
1214 980 1333 1062 optima
1365 979 1500 1046 iudicat.
1546 981 1602 1047 Ita

428 1085 667 1170 intellegimus,
709 1104 767 1150 cnr
799 1103 863 1151 non
905 1086 945 1151 ab
983 1086 1078 1152 initio
1112 1086 1208 1166 plane
1240 1086 1406 1171 ingenium
1438 1106 1532 1154 suum
1565 1088 1600 1154 in

428 1198 579 1275 promptu
612 1192 733 1259 habere
767 1193 911 1275 coeperit
944 1210 1048 1273 neque
1081 1211 1221 1273 unquam
1253 1213 1386 1275 prorsus
1418 1232 1462 1243 -
1495 1213 1534 1261 ne
1568 1195 1600 1261 in

429 1302 610 1367 Achilleide
644 1301 789 1383 quidem,
821 1301 855 1365 in
890 1318 955 1379 qua
996 1300 1102 1365 miuus
1135 1300 1266 1366 scholae
1300 1300 1494 1383 discipulum
1527 1321 1600 1369 sese

427 1413 586 1491 praestet,
611 1447 649 1455 -
676 1427 714 1474 eo
738 1426 814 1473 usus
838 1406 892 1472 sit.
919 1441 956 1454 -
984 1406 1077 1490 Quod
1102 1412 1210 1473 autem
1234 1408 1376 1475 Statium
1407 1408 1457 1475 ita
1480 1408 1599 1476 Ouidio

427 1516 520 1596 quasi
535 1515 738 1598 successisse,
758 1520 796 1579 ut
810 1533 896 1579 nova
913 1513 1018 1579 forma
1037 1521 1196 1597 usurpata
1214 1516 1339 1599 elegias
1356 1516 1447 1598 ipsas
1462 1517 1599 1583 consilio

428 1626 584 1690 conderet
612 1641 710 1704 supra
743 1622 952 1705 negavimus,
986 1640 1051 1688 uon
1084 1628 1135 1688 est
1170 1623 1319 1701 dubium,
1352 1622 1429 1704 quin
1461 1625 1599 1707 lyricam

426 1732 741 1814 illama1·tem‚qua
768 1735 836 1795 tam
868 1727 1008 1811 insignis
1040 1734 1111 1814 est,
1144 1730 1274 1797 discens
1306 1768 1350 1777 —
1382 1730 1524 1797 fortasse
1557 1733 1599 1797 ab

426 1837 657 1905 Alexandrinis
680 1835 759 1920 ipsis
782 1853 908 1917 quoque
932 1872 974 1882 -
995 1835 1152 1919 imprimis
1167 1840 1208 1905 ab
1229 1838 1346 1913 Ouidio
1361 1837 1405 1904 sit
1424 1838 1599 1923 profectus,

426 1964 521 2027 quem
543 1944 647 2029 magis
670 1943 749 2009 mihi
772 1943 974 2022 adaequasse
997 1943 1128 2010 videtur
1151 1964 1247 2025 quam
1271 1943 1471 2029 Vergilium,
1504 1965 1598 2028 quom

425 2055 496 2135 ipse
519 2072 648 2134 semper
671 2050 852 2117 aemulatus
876 2055 935 2115 est.
960 2051 1071 2117 —Ita
1089 2050 1219 2133 quidem
1237 2052 1359 2118 Leonis
1374 2053 1477 2118 verba
1495 2058 1597 2136 stant,

425 2160 483 2242 qni
506 2162 537 2244 (l.
561 2160 581 2226 l.
605 2165 633 2243 p.
661 2158 693 2245 1)
723 2160 794 2225 sine
827 2158 922 2224 dubio
955 2157 1101 2223 futurum
1133 2158 1234 2224 tuisse
1269 2159 1453 2241 contendit,
1486 2166 1524 2227 ut
1556 2162 1599 2227 ad

426 2268 537 2336 Ovidii
561 2273 596 2333 et
618 2267 837 2350 elegiaoorum
861 2265 1000 2331 aliorum
1024 2270 1149 2332 coetum
1172 2266 1363 2349 pertineret.
1393 2267 1421 2331 si
1445 2268 1598 2334 cumillis

425 2376 570 2443 vixisset.
594 2411 639 2420 —
663 2373 714 2441 Sit
737 2380 846 2440 autem
871 2391 943 2437 cum
966 2372 1022 2438 illo
1044 2367 1221 2453 aliqua'ex
1245 2378 1341 2453 66116
1362 2377 1598 2457 comparandus

425 2489 524 2566 poeta
542 2488 665 2563 noster,
676 2481 848 2547 maximum
863 2480 1069 2546 intercedere
1084 2480 1172 2545 inter
1190 2498 1246 2546 eos
1262 2480 1434 2548 discrimen
1449 2482 1597 2550 videmus

424 2592 479 2657 vel
503 2591 694 2674 61116616,
718 2588 804 2669 quod
828 2588 910 2653 nihil
935 2587 1046 2654 Ovidii
1078 2586 1180 2668 ipsius
1212 2593 1368 2661 naturae.
1402 2607 1498 2670 quam
1532 2592 1597 2657 etsi

425 2717 486 2764 non
512 2698 689 2776 laudamus,
712 2714 776 2763 non
795 2697 892 2777 plane
916 2714 1101 2777 gravamur,
1123 2693 1157 2759 in
1181 2694 1292 2760 Statio
1315 2694 1506 2763 invenimus.

513 2804 645 2872 Veluti·
660 2786 797 2885 uterque
830 2807 947 2868 narrat
978 2801 1086 2883 poetis
1117 2800 1254 2868 Graecis
1287 2819 1363 2867 usus
1387 2802 1526 2868 Achillis
1560 2810 1595 2869 61

424 2912 615 2978 Deidamiae
639 2929 788 2977 amorem.
835 2909 899 2975 Sed
932 2926 1001 2975 cum
1027 2909 1164 2975 Ovidius
1197 2928 1259 2975 non
1293 2909 1396 2974 minus
1429 2909 1596 2992 ingeniose

424 3032 524 3099 atque
547 3020 720 3101 eleganter
744 3036 839 3099 quam
863 3017 986 3083 leviter
1009 3035 1048 3081 ac
1071 3015 1164 3097 quasi
1197 3016 1397 3101 insolenter,
1430 3022 1470 3083 ut
1500 3016 1596 3102 solet,

423 3126 529 3191 faciat
553 3123 628 3210 (Ars
652 3131 750 3191 amat.
773 3125 798 3204 l,
823 3126 887 3189 697
912 3122 974 3209 sq.)
997 3125 1079 3189 haec
1102 3124 1222 3189 verba:

583 3232 684 3298 Forte
708 3236 781 3297 erat
804 3231 838 3296 in
862 3231 1008 3296 thalamo
1031 3230 1126 3314 virgo
1149 3230 1273 3315 regalis
1295 3232 1425 3313 eodem3
1463 3257 1465 3262 ·

583 3339 663 3405 haec
686 3339 775 3405 illum
799 3344 912 3419 stupro
937 3337 1094 3418 comperit
1117 3356 1188 3405 esse
1212 3338 1337 3405 virum:

582 3445 706 3511 uiribus
716 3446 775 3512 illa
786 3445 915 3525 quidem
926 3444 1017 3510 victa
1028 3450 1078 3510 est
1088 3445 1150 3532 (ta
1161 3448 1294 3511 credere
1307 3450 1460 3531 oportet),

582 3556 640 3621 sed
663 3553 768 3620 voluit
791 3552 878 3619 vinci
902 3551 1027 3619 viribus
1050 3552 1110 3618 illa
1132 3558 1241 3618 tamen
1266 3561 1337 3637 etc,

422 3665 547 3731 Statius
571 3661 717 3728 sentiens
741 3659 819 3741 quid
848 3660 964 3725 deceat
997 3659 1100 3742 magis
1133 3660 1283 3740 pudicum
1316 3680 1389 3727 sese
1422 3669 1593 3745 praestare

422 3773 548 3838 mavult
571 3777 606 3836 61
628 3769 771 3851 priorum
794 3768 947 3849 exemplis
971 3767 1020 3831 ita
1043 3766 1157 3851 utitur,
1180 3774 1219 3832 ut
1241 3770 1424 3835 verecunde
1443 3788 1504 3836 nec
1526 3789 1592 3837 non

421 3879 560 3944 delicate
584 3876 673 3943 dicat
696 3876 777 3941 haee
799 3875 892 3962 (Ach.
916 3875 941 3959 I,
965 3874 1133 3960 640161

362 3991 364 3996 '
580 3991 624 4068 ,et
647 3987 748 4050 densa
770 3982 875 4049 noetis
899 3981 1031 4066 gavisus
1055 3981 1088 4047 in
1111 3984 1225 4049 umbra

580 4092 778 4174 tempestiva
801 4090 868 4157 suis
891 4096 1022 4172 torpere
1046 4089 1181 4156 silentia
1203 4090 1301 4157 furtis

579 4200 613 4266 vi
636 4198 765 4280 potitur
787 4197 873 4266 votis
898 4204 933 4262 61
957 4201 1026 4264 1616
1049 4203 1183 4279 6661616
1206 4217 1304 4264 veros

580 4309 735 4372 admovet
750 4307 935 4388 amplexus:
955 4304 1039 4372 vidit
1054 4304 1171 4371 chorus
1186 4305 1288 4371 omnis
1303 4306 1344 4371 ab
1359 4308 1428 4371 alto

578 4419 740 4480 astrorum
759 4420 793 4479 et
808 4419 941 4480 tenerae
956 4414 1139 4480 rubuerunt
1153 4430 1274 4478 cornua
1288 4412 1410 4480 Lunae.

578 4521 644 4587 Illa
659 4520 788 4600 quidem
803 4523 946 4587 clamore
961 4540 1073 4587 nemus
1087 4528 1291 4599 montemque
1306 4521 1468 4601 replevit!

364 4675 366 4680 -
418 4630 515 4696 Haud
540 4630 635 4695 durbia
666 4629 821 4694 concedes
844 4648 894 4692 nro
926 4628 1022 4694 finem
1055 4628 1150 4694 huius
1183 4627 1301 4707 capitis
1334 4628 1444 4696 iacere
1478 4628 1589 4697 verbis
