3884 5634
879 613 1102 679 -46-

488 789 613 845 Vollmer
631 810 658 861 p.
677 791 732 845 434
750 806 811 844 mea
830 790 943 858 quidem
961 789 1101 845 sententia
1119 789 1222 844 frustra
1240 792 1356 844 conatus
1373 791 1417 844 est
1435 790 1572 845 traditum

400 877 471 933 iilud
493 879 581 950 ,petit‘
600 880 686 952 (qnod
700 878 783 933 Klotz
802 895 913 948 quoque
932 879 962 933 in
982 878 1105 933 editione
1123 877 1236 946 retinet)
1256 878 1420 943 defendere;
1439 878 1469 932 id
1488 879 1572 950 signi-

399 969 496 1036 ficare:
521 968 613 1038 wirbt,
634 969 767 1039 gewinnt,
793 968 888 1022 macht
907 967 1066 1034 Eindruck3
1095 967 1281 1038 supplendum
1300 983 1375 1022 esse:
1403 968 1561 1023 audientem

399 1057 522 1111 Statium
541 1061 635 1113 autem
654 1074 686 1112 eo
705 1057 747 1112 uti
766 1057 846 1125 quasi
866 1056 993 1111 absolute
1012 1057 1087 1125 quod
1099 1056 1233 1111 Horatius
1251 1073 1360 1127 semper
1379 1074 1442 1111 cum
1461 1057 1573 1112 obiecto

400 1145 495 1214 aliquo
514 1148 695 1212 coniunctum
714 1147 792 1201 dieat
811 1146 844 1200 de
864 1145 959 1216 puella
978 1146 1069 1200 virum
1087 1147 1142 1201 sibi
1160 1149 1299 1218 poscente.
1328 1177 1362 1186 -
1391 1148 1432 1202 Ac
1450 1148 1572 1217 primum

399 1235 511 1304 quidem
541 1237 609 1291 mihi
628 1236 673 1292 vel
697 1252 748 1306 per
766 1253 794 1290 se
812 1234 883 1289 illud
902 1236 1007 1290 nudum
1026 1235 1141 1290 verbum
1160 1236 1260 1290 mirum
1279 1225 1427 1291 videretur.
1465 1236 1573 1291 Deinde

399 1324 474 1394 apud
494 1324 639 1380 Horatium
667 1325 780 1393 quidem
808 1341 916 1393 semper
944 1327 1040 1395 petere
1068 1341 1132 1378 cnm
1155 1324 1266 1380 obiecto
1285 1326 1464 1380 coniunctum
1484 1325 1572 1380 habet

399 1414 490 1483 ipsum
510 1414 583 1468 hunc
602 1431 729 1468 sensum:
751 1414 860 1468 werben
879 1432 934 1482 nm,
954 1414 1029 1481 quod
1049 1430 1109 1468 meo
1128 1415 1239 1482 quidem
1252 1414 1364 1476 ¹iudicio
1383 1414 1497 1469 omnino
1516 1432 1572 1470 non

399 1497 435 1556 ad
463 1502 555 1557 locum
573 1506 698 1557 nostrum
718 1503 869 1571 quadraret
892 1506 924 1556 ut
943 1502 1077 1569 ieiunum,
1105 1519 1178 1557 non:
1206 1503 1350 1558 Eindruck
1378 1504 1496 1558 machon
1514 1504 1572 1569 anf,

399 1594 474 1660 quod
502 1592 591 1646 solnm
611 1608 629 1646 a
646 1592 849 1646 sententiarum
873 1607 980 1647 conexu
1010 1609 1065 1646 non
1094 1592 1264 1646 abhorreret.
1302 1594 1399 1662 Itaque
1422 1593 1571 1660 quodiam

399 1680 541 1751 lyraredus
559 1681 650 1736 sensui
669 1681 781 1749 quidem
801 1680 937 1735 satisfecit
949 1698 1105 1752 proponens
1120 1681 1211 1750 ,ferit‘,
1224 1680 1341 1737 Walleri
1356 1682 1384 1753 (l.
1400 1682 1418 1736 l.
1433 1701 1461 1753 p.
1470 1684 1506 1737 36
1520 1686 1573 1751 sq.)

400 1771 559 1826 coniectura
577 1769 760 1842 praeferenda
774 1771 892 1840 videtur,
912 1771 962 1839 qui
979 1771 1113 1841 exemplis
1127 1771 1223 1826 allatis
1238 1771 1337 1826 scribit
1348 1772 1468 1840 ,quatit‘,
1489 1773 1573 1839 quale

399 1860 512 1915 verbnm
533 1860 657 1931 legentes
677 1877 732 1930 ,seu
751 1863 839 1929 sonat,
859 1861 955 1929 flectit,
976 1860 1094 1915 diducit‘
1114 1860 1312 1917 desideramus.
1332 1892 1366 1901 -

787 2040 907 2109 Praef.
931 2041 1042 2126 1v‚1.
1066 2042 1108 2110 31
1133 2060 1185 2123 sq.

489 2183 541 2252 ,lta
569 2199 655 2251 quare
683 2182 887 2237 consiliosius
906 2182 1063 2236 accedam?
1092 2181 1121 2236 in
1139 2199 1292 2237 summam:
1322 2198 1422 2253 nempe
1440 2198 1492 2253 ego
1511 2200 1571 2236 eum

399 2272 448 2341 qui
466 2272 605 2342 traducor,
632 2274 727 2328 taceat
744 2275 774 2325 et
791 2271 920 2341 gaudeat.
947 2270 1039 2331 ¹[lunc
1062 2275 1155 2326 tamen
1174 2273 1278 2327 librum
1297 2276 1337 2341 tu,
1367 2271 1507 2339 Marcelle,
1527 2272 1571 2325 de·

398 2361 493 2416 tendes
512 2365 541 2415 et
559 2362 583 2416 si
601 2362 713 2416 videtur
731 2351 882 2427 hactenus3
901 2361 944 2415 sin
965 2360 1055 2416 minus
1073 2363 1313 2432 reprehendemur.
1333 2361 1395 2416 vale
1408 2363 1424 2414 !‘
1436 2363 1456 2431 ¹)

487 2451 608 2506 Multum
636 2451 683 2506 hic
701 2450 789 2522 praef.
808 2451 847 2506 IV
872 2450 963 2505 exitus
981 2451 1055 2507 viros
1073 2451 1170 2507 doctos
1189 2453 1278 2507 torsit.
1315 2450 1486 2506 Nouissimas
1506 2450 1573 2505 Kar·

398 2544 459 2595 stan
478 2540 506 2611 (l.
526 2540 544 2595 1.
563 2542 616 2596 362
636 2541 688 2610 sq.)
708 2541 845 2611 interpres
864 2540 992 2609 exstitit,
1020 2540 1069 2609 qui
1097 2540 1154 2596 alia
1172 2545 1304 2611 exparte
1324 2540 1468 2610 Madvigio
1487 2541 1572 2600 nisus.

398 2629 477 2684 cuius
505 2629 539 2683 de
566 2630 705 2685 sententia
733 2630 803 2685 facit
830 2627 932 2698 verba,
960 2646 1062 2684 novam
1092 2662 1124 2670 -
1152 2648 1213 2686 meo
1241 2631 1354 2700 quidem
1382 2629 1488 2684 iudicio
1517 2646 1573 2684 non

398 2734 492 2773 veram
514 2750 546 2759 -
566 2718 781 2790 explicationem
800 2718 916 2789 profert.
952 2717 1033 2782 Quod
1051 2722 1144 2773 autem
1165 2719 1301 2789 Vollmer,
1331 2736 1451 2788 quocum
1469 2718 1573 2772 faciam

399 2810 428 2862 et
455 2810 534 2862 cuius
561 2809 785 2865 emendationem
813 2807 927 2863 admitti
954 2807 1057 2875 velim,
1085 2825 1151 2863 sane
1178 2810 1247 2864 satis
1266 2809 1426 2864 diffidenter
1444 2825 1496 2864 nec
1515 2825 1571 2863 non

398 2897 479 2965 qussi
497 2898 527 2951 in
545 2900 706 2954 transcursu
725 2900 762 2971 (p.
782 2900 846 2968 441)
866 2898 900 2950 de
919 2897 981 2952 loco
1000 2901 1094 2953 nostro
1114 2898 1279 2969 disputavit,
1297 2898 1388 2954 denuo
1406 2899 1470 2969 ipsa
1487 2896 1573 2952 Statii

398 2988 484 3042 verba
511 2992 640 3043 accurate
669 2991 872 3059 perscrutemur
900 2991 986 3055 atque
1006 2987 1136 3042 Karsteni
1164 2988 1424 3059 interpretationem
1444 3004 1574 3043 vocemus

399 3077 428 3131 in
447 3093 570 3132 examen.
607 3078 661 3131 Hic
681 3076 723 3132 vir
751 3076 849 3131 doctus
868 3093 918 3147 pro
939 3079 1048 3145 ,taceat‘
1069 3078 1167 3132 scribit
1185 3078 1298 3147 ,taciat‘,
1322 3095 1373 3148 pro
1392 3081 1436 3146 ,et‘
1457 3077 1574 3148 corrigit

397 3172 466 3233 ‚me‘¹
505 3167 607 3221 Locum
636 3169 729 3220 autem
759 3167 849 3235 ipsum
879 3166 933 3221 hoe
960 3167 1043 3221 modo
1062 3166 1201 3236 explicat:
1230 3166 1336 3237 Nempe
1363 3183 1415 3237 ego
1444 3184 1504 3221 sum
1524 3167 1574 3234 qui

398 3256 542 3321 traducor,
571 3273 626 3310 non
645 3256 713 3311 libri
731 3256 794 3312 mei.
831 3255 942 3324 Faciat,
970 3256 1102 3309 traducat
1120 3272 1176 3321 me,
1205 3258 1234 3311 et
1251 3257 1375 3327 gaudeat
1392 3256 1573 3311 traducendo.

399 3346 480 3401 Hunc
499 3349 593 3399 tamen
612 3345 715 3400 librum
734 3350 775 3416 tu,
794 3347 840 3415 M,
860 3346 1009 3400 defendes:
1030 3361 1082 3414 me,
1100 3346 1125 3399 si
1142 3346 1260 3413 videtur,
1280 3346 1414 3401 hactenus
1434 3344 1574 3414 defendes,

398 3434 422 3489 si
453 3435 535 3489 nimie
563 3436 804 3506 reprehendemur.
852 3434 1063 3505 Oppositionem
1095 3435 1167 3489 enim
1197 3436 1270 3489 inter
1298 3438 1366 3504 ,ego‘
1394 3437 1424 3490 et
1451 3434 1573 3504 ,librnm,

397 3525 539 3591 quandam
550 3524 651 3580 deduci
660 3528 800 3580 asseverat
818 3524 866 3579 ille
884 3542 917 3578 ex
936 3523 1105 3595 praegressis
1124 3523 1258 3592 ,quisquis
1270 3555 1300 3563 -
1314 3525 1477 3591 adversum‘,
1500 3539 1574 3593 qnae

398 3613 472 3668 hunc
490 3632 599 3668 sensum
619 3615 758 3669 habeant:
780 3647 812 3655 -
832 3617 864 3670 ut
882 3615 941 3669 eius
960 3615 1023 3684 ipsa
1040 3613 1156 3666 afferam
1175 3613 1261 3667 verba
1273 3644 1304 3653 --
1323 3613 1470 3681 ,accedunt
1488 3613 1573 3668 inviti

398 3703 434 3755 ad
453 3702 602 3758 lectionem
621 3721 756 3772 meorum,
775 3704 844 3774 quia
862 3704 918 3758 iam
938 3706 1005 3759 ante
1024 3701 1095 3756 mihi
1114 3688 1224 3757 adversi
1242 3705 1316 3770 sunt,
1336 3703 1432 3771 itaque
1444 3719 1501 3758 non
1514 3706 1571 3757 tam

397 3791 484 3847 libros
512 3810 586 3848 meos
615 3811 698 3862 quam
727 3811 771 3848 me
799 3792 1022 3864 reprehendunt‘.
1061 3792 1133 3848 Tum
1161 3792 1203 3846 sic
1227 3794 1339 3862 poetam
1358 3807 1490 3863 pergere:
1521 3809 1573 3863 ,rne

398 3881 508 3936 traduci
527 3899 584 3937 non
602 3897 677 3951 curo,
704 3882 793 3939 faciat
811 3886 840 3937 et
858 3883 988 3953 gaudeat.
1026 3882 1108 3936 Hunc
1136 3885 1230 3936 tamen
1258 3885 1390 3950 quartum
1418 3880 1522 3936 librum
1541 3884 1573 3936 tn

398 3970 546 4040 defendes,
573 3970 633 4025 scil.
653 3988 709 4026 non
728 3974 787 4026 tam
806 3972 914 4041 verbis,
944 3988 1028 4040 quam
1056 3971 1131 4039 quod
1161 3971 1212 4025 sub
1237 3973 1286 4025 tuo
1305 3970 1417 4025 nomine
1436 3974 1465 4024 et
1483 3969 1574 4025 tutela

398 4059 500 4129 prodit,
521 4064 693 4115 metantem
714 4060 852 4131 defendes,
876 4062 900 4116 si
918 4061 1096 4132 reprehensio
1115 4061 1203 4115 nimia
1221 4060 1276 4114 tibi
1295 4060 1437 4115 videbitur
1455 4062 1485 4115 et
1502 4059 1575 4134 eius·¹

398 4149 491 4218 modi,
520 4154 552 4205 ut
579 4154 607 4204 te
634 4167 746 4219 quoque
774 4155 875 4222 tangat
901 4154 1050 4221 patronum
1079 4154 1188 4206 meum‘.
1225 4151 1288 4205 Meo
1317 4150 1431 4220 quidem
1455 4149 1573 4204 arbitrio

398 4239 518 4294 Karsten
537 4255 680 4309 perperam
710 4241 881 4295 intellexisse
899 4240 1020 4295 Statium
1039 4241 1151 4295 videtur
1170 4256 1203 4294 ac
1222 4241 1308 4294 verba
1326 4240 1385 4295 eius
1404 4240 1489 4310 plena
1507 4243 1574 4294 sunt
1663 4245 1667 4252 '

398 4345 530 4397 errorum,
550 4330 585 4383 ad
604 4346 673 4398 quos
692 4330 861 4401 detegendos
880 4331 936 4383 iam
955 4330 1173 4401 progrediamur.
1194 4361 1227 4370 —

488 4423 528 4474 Aa
547 4419 666 4488 primum
688 4420 800 4488 quidem
820 4435 965 4488 quaeram,
985 4437 1039 4487 quo
1058 4420 1118 4473 iure
1136 4419 1185 4503 iile
1213 4419 1317 4489 opponi
1345 4419 1419 4473 inter
1445 4436 1475 4473 se
1503 4421 1571 4489 ,ego‘

398 4512 428 4563 et
446 4508 566 4578 ,librum‘
596 4510 756 4564 contendat.
794 4509 935 4574 Quantum
964 4510 1038 4563 enim
1067 4525 1118 4580 ego
1146 4508 1246 4572 video,
1274 4509 1353 4563 nullo
1381 4508 1463 4564 modo
1488 4506 1572 4562 Statii

489 4673 508 4741 ¹)
529 4670 622 4726 Verba
639 4670 679 4725 sic
698 4672 805 4725 tradita
825 4670 905 4725 Klotz
924 4669 954 4723 in
973 4669 1124 4723 editionem
1143 4669 1279 4724 admittit.
