3884 5634
865 576 1088 640 -16-

384 749 517 830 repulsa
540 749 600 815 illa
624 750 819 834 capitolina,
843 752 925 818 satis
950 754 1040 818 clare
1066 771 1107 817 111
1141 758 1212 819 tota
1243 752 1358 835 ecloga
1370 750 1393 835 ¹)
1425 752 1557 820 intelle-

383 854 495 938 gimus.
541 858 724 924 Praeterea
743 859 853 925 morbo
873 858 930 925 illo
950 858 1065 943 gravi,
1096 878 1159 940 quo
1178 860 1302 925 Romae
1331 866 1405 925 erat
1428 879 1556 943 oppres-

383 979 447 1040 sus,
470 982 533 1030 non
556 965 639 1039 satis
663 966 826 1037 liberatus
855 985 926 1034 esse
949 965 1090 1037 videtur.
1137 966 1203 1032 Nos
1228 972 1355 1050 autem,
1384 967 1441 1048 qui
1471 968 1554 1034 bunc

384 1069 484 1136 Statii
508 1070 650 1141 dolorem
674 1072 764 1139 illius
788 1072 902 1143 cladis·
917 1078 952 1138 et
976 1074 1121 1140 morbum
1145 1071 1214 1138 eius
1238 1072 1422 1144 videamus.
1444 1092 1553 1155 possu-

384 1195 454 1243 mus
478 1178 570 1244 nobis
593 1178 729 1264 fingere,
754 1181 911 1260 qruomodo
934 1180 980 1246 sit
1003 1179 1142 1257 lactum,
1165 1186 1204 1245 ut
1227 1186 1326 1263 poeta
1348 1200 1429 1263 sese,
1454 1181 1556 1264 ,vergi

383 1285 417 1349 in
441 1283 574 1351 senium’
599 1285 641 1372 (v.
667 1287 722 1365 70)
746 1291 950 1369 quereretur,
974 1286 1070 1353 immo
1092 1305 1172 1352 vero
1187 1286 1296 1371 etiam,
1312 1279 1349 1354 ut
1364 1305 1436 1354 eum
1452 1307 1557 1369 paene

382 1393 569 1475 paeniteret
592 1393 714 1476 poetici
737 1392 864 1476 ingenii
888 1413 927 1459 ac
950 1391 1121 1460 facultatis
1144 1413 1238 1472 suae,
1266 1396 1316 1461 ita
1348 1402 1386 1460 ut
1409 1394 1555 1470 amicum,

383 1500 434 1566 cui
448 1501 626 1581 imperator
642 1500 781 1570 maxime
795 1500 935 1580 faveret,
956 1500 1062 1568 virum
1081 1502 1235 1580 validum,
1251 1508 1363 1568 aetate
1378 1502 1558 1578 florentem,

382 1606 500 1674 fortem
524 1607 580 1688 qui
604 1608 766 1692 ‚egregius
790 1608 959 1689 formaque
982 1608 1170 1690 animisque‘
1198 1610 1242 1694 (v.
1254 1612 1286 1687 8)
1309 1609 1389 1693 ,ipse
1409 1612 1557 1675 canenda

385 1718 526 1796 gereret·
551 1726 593 1791 (v.
610 1713 685 1800 71),
709 1715 894 1782 celebraret
928 1725 1027 1796 atque
1059 1716 1268 1797 praedicaret
1291 1716 1403 1783 multis
1440 1716 1556 1796 verbis,

384 1839 425 1887 ex
449 1820 565 1900 quibus
589 1840 692 1904 paene
716 1822 886 1888 subaudiri
909 1841 1004 1904 posse
1028 1841 1177 1889 censeam
1205 1842 1267 1889 non
1292 1824 1393 1890 solum
1417 1823 1557 1889 admira·
1623 1827 1626 1832 ’

384 1928 514 2009 tionem,
537 1928 596 1995 sed
619 1928 716 1994 etiam
741 1930 932 1997 submissam
955 1932 1116 2011 quandam
1142 1930 1321 2001 invidiam..
1334 1968 1379 1978 -—

472 2036 630 2102 Nimirum
653 2040 763 2110 tamen
786 2035 885 2103 musis
898 2036 994 2102 fidem
1009 2037 1133 2103 Statius
1148 2037 1296 2103 servavit
1311 2056 1432 2103 summo
1448 2037 1555 2103 studio

384 2150 483 2224 atque
506 2143 703 2211 assiduitate
727 2162 859 2224 operam
882 2160 1007 2210 navans
1028 2143 1204 2210 Achilleidi
1227 2144 1445 2209 conficiendae
1468 2161 1556 2208 suae.

473 2251 568 2336 Quod
595 2255 704 2318 autem
738 2249 946 2332 imperatoris
979 2250 1068 2341 facta
1100 2253 1240 2317 noudum
1273 2251 1454 2330 celebrat.
1473 2269 1557 2330 quae

385 2358 578 2439 praedicare
601 2357 743 2425 tortasse
768 2395 807 2405 -
834 2357 905 2424 dico
928 2356 1069 2427 fortasse
1085 2358 1321 2439 —aliquando
1345 2362 1419 2423 erat
1440 2357 1558 2438 iussus,

386 2465 507 2546 optime
539 2484 575 2531 se
607 2471 744 2533 excusat
784 2464 853 2531 illis
895 2464 1036 2531 maxime
1077 2466 1221 2550 egregiis
1259 2464 1409 2533 versibus
1442 2462 1484 2529 95
1500 2482 1557 2543 sq..

386 2573 501 2653 quibus
525 2572 811 2641 dissimulationem
836 2575 997 2653 quandam
1022 2579 1122 2651 atque
1137 2572 1332 2638 irrissicnem
1348 2576 1469 2637 tectam
1485 2589 1557 2637 esse

386 2681 509 2760 opinor.
547 2679 689 2746 Dubitat
710 2685 818 2747 autem
833 2678 968 2761 Statius,
992 2697 1067 2744 num
1083 2683 1176 2744 tauto
1190 2678 1281 2759 operi
1295 2680 1340 2744 sit
1355 2698 1423 2760 par,
1440 2685 1556 2750 ,utrum

386 2792 483 2867 ,stent
506 2788 564 2853 sub
588 2786 648 2853 illa
671 2790 756 2853 mole
774 2787 878 2853 umeri
902 2805 944 2852 an
959 2804 1076 2868 magno
1091 2785 1243 2852 vincatur
1258 2785 1402 2868 pondere
1426 2784 1556 2867 cervix’‚

386 2913 459 2960 num
484 2892 609 2977 ,fluctus
633 2901 729 2962 sueta
756 2896 896 2962 minores
928 2911 1024 2960 nosse
1057 2891 1139 2960 ratis
1172 2894 1311 2959 nondum
1344 2892 1452 2960 doniis
1487 2912 1555 2958 cre·

387 3001 502 3066 denda‘
525 3000 571 3068 sit
593 3001 751 3081 ,periclis‘.
803 3001 928 3085 Quibus
952 3001 1061 3067 verbis
1085 2999 1290 3067 dissimulare
1305 3006 1436 3082 poetam
1450 3001 1554 3067 odium

386 3109 548 3187 quoddam
572 3105 649 3173 talis
674 3108 826 3174 carminis
850 3128 942 3175 nemo
966 3115 1027 3193 est,
1051 3111 1156 3192 credo,
1180 3110 1257 3189 quin
1281 3114 1467 3192 cognoscat.

475 3214 652 3282 Occasione
681 3216 764 3291 ‚data
796 3216 909 3297 paucis
942 3219 981 3283 de
1013 3217 1070 3284 illo
1103 3218 1198 3300 ‚bello
1231 3215 1435 3285 (1111111111ι
1470 3216 1556 3295 quod

385 3324 541 3389 laudatur
564 3322 729 3389 disseram.

476 3429 597 3496 Merito
620 3430 768 3497 Vollmer
791 3429 834 3515 (p.
861 3432 913 3511 14)
938 3437 1041 3513 negat
1065 3448 1256 3511 quemquam
1279 3430 1362 3513 iam,
1385 3434 1556 3511 postquam

388 3534 604 3623 Buecheler2)
636 3537 712 3604 illos
746 3556 859 3604 versus
892 3538 948 3617 qui
980 3540 1160 3603 laudantur
1192 3538 1234 3602 ad
1256 3537 1407 3603 Juvenal.
1431 3535 1491 3619 IV,
1515 3535 1569 3615 94,

388 3646 628 3728 interpretatus
651 3644 712 3723 sit,
736 3664 807 3711 cum
831 3644 946 3711 Nohlio
970 3643 1002 3726 (l.
1027 3646 1046 3712 l.
1069 3665 1100 3727 p.
1126 3645 1169 3710 43
1179 3646 1239 3726 sq.)
1277 3644 1447 3722 dubitare,
1480 3641 1557 3723 quin

386 3752 438 3819 illi
460 3752 594 3836 genuini
616 3753 692 3820 sint.
738 3753 832 3838 Quod
860 3760 970 3820 autem
1004 3752 1122 3818 deinde
1155 3751 1235 3816 dicit
1267 3750 1408 3818 Statium
1440 3769 1558 3818 revera

387 3859 533 3941 coepisse
555 3860 640 3927 illud
663 3880 813 3945 magnum
837 3864 876 3927 de
900 3859 1078 3926 Domitiani
1107 3858 1203 3924 111111
1236 3858 1394 3941 bellisque
1427 3878 1556 3927 carmen

388 3968 515 4048 epicum
534 3968 590 4053 ita,
605 3974 643 4035 ut
660 3968 890 4052 intellegamus
905 3970 993 4035 tales
1012 3986 1127 4035 versus
1142 3967 1319 4052 exstitisse,
1333 3974 1408 4050 post
1422 3970 1556 4029 mortem

387 4082 504 4158 poetae
528 4094 602 4143 eam
625 4083 760 4158 partem,
778 4096 866 4159 quae
888 4076 952 4143 iam
975 4074 1121 4158 perfecta
1144 4075 1259 4154 fuerit,
1282 4081 1320 4139 ut
1341 4071 1555 4137 Achilleidem

388 4190 423 4250 et
445 4183 516 4249 libr.
540 4184 578 4252 V.
592 4183 680 4255 silv.
704 4186 745 4258 ab
769 4184 879 4252 amicis
903 4204 975 4252 esse
999 4185 1122 4251 editam
1155 4191 1190 4250 et
1221 4182 1268 4249 eis
1301 4179 1453 4248 versibus
1485 4193 1556 4240 esse

388 4294 500 4358 datum
522 4309 639 4360 nomeu
661 4293 740 4359 belli
764 4293 967 4373 Germanici,
991 4311 1062 4366 oum
1085 4291 1181 4358 initio
1212 4288 1300 4355 illius
1332 4284 1415 4368 epici
1447 4280 1556 4363 operis

390 4408 501 4467 actum
524 4401 566 4468 111
590 4402 632 4467 de
653 4401 749 4467 bellis
774 4401 967 4467 Chattorum
991 4398 1068 4465 anni
1092 4398 1153 4479 83,
1182 4398 1224 4462 ad
1257 4394 1326 4459 eius
1358 4389 1557 4459 sententiam

402 4546 404 4549 >
480 4580 502 4649 ¹)
522 4579 557 4637 cf.
576 4577 726 4638 Kerclrhoti
744 4597 771 4649 p.
790 4579 835 4647 30,
853 4576 903 4646 qui
922 4579 955 4631 de
973 4575 1028 4629 hac
1046 4588 1157 4642 quoque
1175 4589 1204 4626 re
1223 4570 1329 4642 optime
1348 4569 1415 4641 egit.

478 4668 498 4738 ²)
518 4669 604 4724 Rhen.
624 4671 693 4728 Mus.
713 4668 828 4722 xxxix
846 4687 873 4737 p.
892 4668 997 4733 deasq.
