3884 5634
884 606 1105 671 ..40-

966 838 1007 904 V.

894 1016 1094 1117 dupondii.

408 1195 539 1263 Utrum
564 1193 704 1263 Statius
727 1194 839 1263 Albae
871 1196 909 1260 in
933 1212 1045 1279 agone
1069 1196 1180 1262 semel
1204 1195 1335 1263 vicerit
1356 1214 1402 1262 an
1426 1195 1580 1280 saepius.

496 1336 560 1391 lieu
579 1336 692 1404 quidem
710 1336 848 1392 sententia
864 1336 980 1391 minime
992 1335 1143 1390 Kerckhoff
1152 1335 1236 1406 plane
1249 1335 1417 1393 diiudicarit
1428 1336 1487 1407 (1.1.
1497 1354 1524 1406 p.
1534 1337 1582 1406 28)

409 1425 608 1495 quaestionem.
637 1457 669 1466 —
698 1426 769 1480 Sane
788 1426 841 1480 hac
861 1423 891 1479 ln
909 1442 947 1494 re,
967 1425 1042 1495 qnod
1061 1425 1159 1480 scribit
1177 1443 1227 1495 pro
1247 1429 1304 1492 ‚ter⁴
1324 1426 1400 1495 quod
1417 1424 1485 1479 libri
1503 1441 1582 1494 prae

409 1516 477 1569 beat
494 1515 542 1582 lll,
561 1517 586 1583 5,
606 1516 641 1571 28
659 1515 726 1570 Silv.
747 1519 803 1585 ,tu‘,
831 1533 915 1583 quam
943 1516 1132 1571 coniecturam
1161 1516 1215 1570 iam
1243 1516 1400 1571 politianus
1427 1513 1583 1586 proposuit,

410 1620 520 1674 prorsus
557 1620 620 1658 cum
656 1604 707 1659 illo
748 1604 829 1662 facio.
879 1605 959 1670 Quod
996 1609 1089 1660 autem
1126 1605 1220 1677 pergit
1253 1604 1449 1677 pronuntiare:
1486 1608 1582 1658 tamen

410 1692 585 1749 emendatam
614 1693 692 1747 illam
712 1710 816 1761 vocem,
846 1694 973 1761 quamvis
992 1695 1046 1749 sibi
1064 1694 1193 1762 arrideat,
1217 1697 1246 1749 iu
1265 1697 1373 1749 textum
1391 1711 1448 1749 non
1466 1710 1525 1748 sese
1543 1708 1584 1747 re·

411 1785 555 1854 capturum
583 1799 658 1851 esse,
687 1782 741 1837 nisi
769 1783 867 1837 ceteris
895 1783 963 1838 locis
992 1784 1188 1855 adiuvaretur,
1217 1785 1319 1853 quibus
1342 1783 1376 1838 de
1395 1784 1447 1838 illa
1466 1783 1585 1838 victoria

411 1871 516 1928 Statius
534 1872 675 1941 loquatur,
700 1872 730 1925 in
748 1872 825 1927 illius
844 1876 936 1943 partes
955 1891 1011 1929 non
1030 1874 1169 1929 accedam.
1192 1903 1222 1915 -·
1243 1874 1338 1943 Neque
1357 1873 1431 1929 enim
1449 1875 1492 1927 est
1510 1872 1585 1926 ullus

411 1963 498 2029 locus,
512 1978 574 2016 mea
584 1961 696 2031 quidem
707 1962 854 2032 sententia,
869 1980 924 2031 quo
936 1962 1140 2018 demonstretur
1154 1964 1238 2035 plane
1248 1963 1307 2017 lieri
1317 1981 1373 2018 non
1391 1979 1479 2034 posse,
1500 1964 1532 2017 ut
1550 1961 1585 2017 de

413 2052 602 2123 compluribus
612 2051 736 2107 victoriis
746 2051 862 2107 Albanis
872 2055 973 2123 poetae
991 2054 1079 2108 nostri
1098 2053 1260 2125 cogitemus,
1279 2052 1457 2120 econtrario,
1477 2052 1585 2124 opinor,

412 2143 506 2213 potius
515 2139 671 2211 complures
682 2140 802 2209 quodam
812 2158 893 2196 versu
903 2141 1024 2197 indicari
1032 2143 1170 2201 videntur.
1182 2176 1214 2184 —
1226 2144 1288 2198 Meo
1297 2142 1411 2211 quidem
1424 2141 1540 2197 arbitrio
1553 2158 1587 2196 ex

413 2231 460 2301 IV,
479 2235 504 2300 5,
523 2232 558 2287 22
577 2230 643 2287 Sile.
664 2230 794 2285 concludi
821 2231 893 2286 nihil
916 2234 1017 2302 potest.
1054 2232 1125 2287 Nam
1144 2232 1218 2301 quod
1237 2232 1389 2289 Kerokhoff
1404 2234 1443 2303 (p.
1462 2233 1508 2302 29)
1526 2229 1587 2285 Sta

414 2321 493 2389 lium,
522 2322 554 2375 ιιι
572 2319 658 2374 fuerit
675 2320 768 2375 laudis
788 2319 992 2391 cupidissimus,
1020 2322 1160 2376 dicturum
1188 2323 1273 2377 fuisse
1302 2325 1353 2392 ,ter
1371 2320 1523 2377 decoravit‘
1543 2320 1588 2375 vel

415 2410 582 2479 ‚decorabat‘
611 2408 639 2481 (i.
665 2426 688 2465 e.
708 2410 837 2467 decorare
855 2411 984 2481 solebat),
1014 2411 1037 2465 si
1056 2429 1150 2466 revera
1178 2415 1221 2466 ter
1239 2412 1280 2467 ibi
1298 2412 1428 2481 vicisset,
1457 2410 1589 2478 affimat,

414 2502 467 2556 boc
485 2500 569 2572 plane
587 2498 657 2554 nihil
676 2500 760 2556 valet.
780 2532 814 2541 -
833 2500 886 2556 Sed
906 2517 968 2555 cum
988 2501 1087 2556 ceteris
1106 2505 1165 2555 tum
1188 2502 1218 2572 V,
1237 2503 1263 2569 3,
1276 2504 1329 2558 225
1342 2520 1382 2571 eq.
1402 2500 1468 2556 Silv.
1487 2499 1590 2555 nititur

416 2590 573 2659 Kerclihoil,
602 2606 664 2644 cum
683 2588 761 2659 dicit,
793 2589 817 2645 si
845 2606 941 2645 revera
968 2594 1011 2645 ter
1029 2590 1142 2646 vicisset
1160 2590 1274 2658 Statius,
1303 2591 1363 2647 fieri
1381 2608 1437 2647 nou
1456 2589 1589 2661 potuisse,

415 2683 448 2735 ut
466 2679 616 2735 scriberet:
644 2679 696 2733 illa
714 2678 773 2735 diss
792 2699 817 2736 v.
837 2682 898 2750 230,
917 2682 1002 2735 immo
1021 2681 1047 2735 ei
1067 2682 1268 2736 autumandum
1287 2681 1388 2736 fuisse:
1414 2680 1590 2751 Quantopere

416 2772 471 2824 tres
489 2768 536 2823 illi
555 2768 613 2823 dies
632 2769 738 2839 gloriae
752 2786 830 2824 meae
843 2769 920 2841 pleni
934 2773 961 2824 te
975 2772 1213 2826 corroborassent!
1234 2803 1265 2812 -
1287 2772 1328 2827 Ao
1341 2770 1461 2842 primum
1477 2768 1591 2840 quidem

416 2875 478 2914 mea
497 2857 611 2927 quidem
629 2858 777 2927 sententia,
796 2860 849 2915 etsi
867 2860 939 2915 hanc
957 2877 1016 2914 rem
1036 2878 1091 2916 non
1110 2877 1168 2916 esse
1186 2862 1276 2917 fateor
1294 2860 1483 2932 promendam,
1501 2875 1592 2931 paene

417 2948 514 3003 fuisset
540 2946 708 3017 ridiculum,
737 2948 760 3003 si
780 2948 886 3004 Statius
913 2953 1043 3005 accurate
1070 2949 1120 3004 illo
1148 2951 1211 3006 loco
1238 2951 1419 3007 victoriarum
1446 2965 1592 3004 numerum

417 3054 642 3108 commemorans,
661 3038 712 3107 qui
721 3038 849 3111 plurimis
868 3039 944 3094 baud
964 3039 1048 3094 dubie
1067 3044 1139 3096 esset
1151 3046 1242 3112 notus,
1261 3043 1314 3097 hoo
1326 3042 1408 3096 modo
1421 3056 1477 3109 quo
1493 3038 1592 3095 Kerclr·

417 3128 477 3184 hoff
493 3128 571 3183 iubet
590 3128 700 3182 locutus
719 3133 791 3183 esset
810 3160 843 3169 —
864 3130 906 3185 ita
924 3132 957 3184 ιιι
975 3146 1037 3185 eam
1055 3129 1143 3186 solam
1162 3149 1221 3186 rem
1239 3132 1329 3202 primo
1342 3131 1443 3186 obtutu
1456 3128 1593 3201 possimus

418 3218 569 3288 admirari,
597 3218 669 3286 quod
691 3218 877 3289 singularem,
905 3236 960 3275 uon
989 3221 1127 3292 pluralem
1145 3222 1271 3293 legimus.
1309 3223 1355 3288 At,
1374 3223 1408 3275 ut
1424 3220 1454 3274 id
1472 3221 1594 3291 praeter·

419 3310 539 3376 mittam,
559 3308 634 3377 quod
653 3307 763 3362 etiamsi
781 3307 895 3378 Statius,
924 3313 956 3364 ut
975 3311 1144 3383 singularem
1165 3312 1268 3367 vitaret
1286 3314 1314 3365 et
1334 3308 1489 3381 complures
1507 3308 1592 3381 signi·

420 3398 516 3453 ficaret
543 3396 692 3462 victorias,
720 3398 857 3468 posuisset
886 3399 1023 3469 pluralem
1052 3400 1104 3470 ,illi
1127 3402 1204 3470 dies,
1233 3401 1317 3456 verba
1344 3416 1399 3454 non
1418 3398 1486 3453 satis
1505 3399 1594 3453 osane

421 3486 580 3559 perspicua,
610 3487 740 3556 quoniam
770 3487 887 3558 pluralis
915 3488 949 3543 de
978 3490 1100 3558 quinque
1128 3490 1185 3545 illis
1213 3490 1310 3544 diebus
1329 3490 1427 3560 agonis
1455 3490 1499 3560 (oi.
1520 3486 1594 3545 Geell

422 3576 510 3649 (llssai
539 3595 584 3631 sur
613 3577 638 3632 le
665 3579 750 3649 regne
779 3578 812 3632 de
839 3578 1005 3649 l'empereur
1031 3579 1180 3635 Domitien.
1217 3579 1295 3634 Paris
1323 3580 1404 3650 1894)
1440 3598 1467 3650 p.
1487 3580 1540 3635 125
1567 3580 1597 3634 st

423 3668 451 3723 0.
480 3667 505 3721 J.
530 3670 561 3723 L.
592 3667 640 3738 1¹).
673 3687 700 3738 p.
725 3667 852 3738 auulsas)
889 3668 1016 3739 intellegi
1048 3672 1153 3739 posset,
1186 3700 1212 3709 -
1251 3668 1381 3737 equidem
1417 3686 1450 3723 ex
1488 3671 1597 3723 antece·
1632 3725 1635 3730 ,

423 3756 553 3812 dentibus
581 3757 705 3811 versibus
733 3756 807 3811 efflei
835 3757 922 3827 ,illam
951 3758 1034 3813 diem‘
1062 3758 1150 3813 solam
1170 3775 1254 3813 unam
1273 3757 1420 3813 victoriam
1438 3758 1598 3827 significare

424 3863 532 3902 neceas
550 3846 664 3900 minime
688 3863 745 3901 esse
763 3863 831 3903 reor.
861 3879 893 3888 -
923 3848 1002 3913 Quod
1030 3848 1104 3903 enim
1123 3848 1247 3903 Vollmer
1269 3868 1296 3919 p.
1316 3850 1412 3920 1u,2,3
1440 3847 1500 3902 fieri
1518 3863 1599 3918 posse

424 3937 512 4005 dicit,
540 3939 572 3991 ut
594 3955 620 3993 v.
639 3938 692 3993 215
711 3956 751 4006 sq.
780 3937 815 3991 de
842 3937 979 4008 agonibus
1006 3937 1137 4010 Neapolis
1165 3940 1366 4011 Augustalibus
1393 3937 1598 4008 intellegamus,

425 4028 553 4098 equidem
572 4025 670 4096 utique
689 4027 731 4081 itu
748 4044 798 4082 nos
817 4044 874 4082 esse
895 4028 1085 4085 intellecturos
1103 4029 1223 4085 arbitror
1241 4047 1344 4099 versus,
1368 4028 1392 4083 si
1410 4027 1495 4082 Statii
1513 4026 1599 4082 verba

426 4120 574 4190 diligenter
592 4116 807 4189 inspexerimus:

497 4246 522 4283 v.
542 4228 594 4282 215
613 4243 653 4294 sq.
673 4226 819 4296 praedicat
836 4227 944 4297 patrem
963 4226 1040 4282 hisce
1058 4228 1166 4283 verbis:

623 4314 723 4384 ,qualis
740 4333 809 4387 eras,
828 4315 922 4371 Latios
941 4318 1070 4387 quotiens
1089 4334 1140 4388 ego
1160 4316 1281 4371 carmine
1300 4319 1394 4387 patres

623 4406 781 4476 mulcerem,
801 4407 923 4476 felixque
943 4408 985 4462 tui
1004 4410 1145 4479 spectator
1163 4407 1272 4460 adesses

624 4496 745 4551 muneris
764 4500 826 4552 etc‘
927 4536 933 4546 .
1293 4496 1364 4550 etv.
1384 4495 1437 4551 220
1455 4492 1564 4564 pergit:

625 4585 699 4654 ,talis
719 4585 884 4657 Olympiaca
902 4588 1029 4642 iuvenem
1050 4603 1111 4641 cum
1132 4587 1240 4655 spectat
1258 4585 1363 4637 harena

625 4675 673 4743 qui
692 4677 790 4745 genuit
808 4680 868 4730 eio'
