3884 5634
864 574 1084 637 ...24-

384 747 447 817 lepe
467 764 605 801 unacum
625 746 707 801 Ulixe
737 747 840 802 bellum
864 750 892 802 et
915 747 1041 818 pericula
1065 748 1251 817 sustinuisset,
1279 748 1302 803 si
1322 749 1345 803 is
1363 765 1460 819 passus
1479 750 1576 813 esset·

385 835 501 907 Aegiale
520 839 548 891 ct
562 836 700 891 Meliboea
719 835 831 891 discidii
855 836 1022 891 desiderium
1041 836 1112 892 ferre
1130 854 1186 893 nen
1214 840 1375 909 potuerunt,
1399 839 1559 905 et-quam-

386 942 494 995 cunque
514 926 600 980 aliam
620 942 712 980 amere
731 927 874 981 ardentem
894 926 971 981 saevi
989 926 1122 997 plauctus
1141 927 1304 983 infusorem
1320 927 1463 995 dederunt,
1482 945 1508 981 v.
1524 928 1559 981 49

386 1031 443 1069 esse
471 1014 554 1069 nimis
582 1015 612 1070 in
639 1015 799 1070 universum
827 1015 933 1070 dictum
958 1016 1044 1070 dixit:
1072 1019 1102 1071 11
1122 1016 1196 1071 haud
1221 1014 1306 1070 dubie
1327 1033 1426 1087 parum
1449 1016 1560 1086 poetice

387 1106 458 1157 esset
476 1103 585 1158 loeutus
600 1104 715 1172 Statius,
729 1104 753 1158 11
770 1104 820 1159 1111
840 1104 967 1160 universo
980 1123 1060 1161 seusu
1080 1125 1106 1163 v.
1126 1110 1161 1163 49
1180 1105 1308 1176 intellegi
1327 1105 1468 1161 voluisset.
1498 1105 1560 1159 Huc

386 1193 503 1262 aceedit,
533 1194 607 1262 qued
633 1211 699 1248 usus
721 1210 772 1264 pro
801 1199 1012 1263 ,quameunque⁸
1041 1195 1117 1249 illius
1146 1198 1334 1265 ,quamquam‘
1360 1212 1396 1250 ne
1415 1195 1560 1250 Statianae

387 1282 500 1351 quidem
519 1283 610 1353 poesis
629 1283 725 1353 generi
748 1287 841 1352 petest
863 1284 1006 1354 imputari,
1036 1284 1070 1340 de
1088 1302 1145 1353 qua
1164 1301 1192 1339 re
1211 1286 1268 1338 iam
1286 1284 1465 1339 Sandstreem
1492 1284 1520 1351 (l.
1540 1284 1559 1340 l.

388 1391 414 1442 p.
425 1372 474 1442 IV)
484 1372 634 1427 dubitavit.
663 1372 727 1427 Mea
745 1372 857 1440 quidem
877 1374 1017 1428 sententia
1034 1391 1091 1429 uon
1109 1378 1151 1430 est
1170 1375 1293 1444 dubium,
1313 1375 1382 1443 quin
1400 1390 1458 1427 rem
1477 1375 1561 1427 acute

388 1461 485 1530 tigerit
505 1460 628 1516 Vollmer
646 1477 708 1516 cum
728 1461 875 1517 Govaertie
903 1478 997 1530 ,quam
1014 1463 1097 1518 saevi‘
1110 1464 1141 1536 1))
1159 1480 1217 1519 1111
1235 1463 1414 1535 parenthesin
1434 1463 1561 1517 iudicans

389 1550 503 1621 (,Jal1rb.
523 1549 541 1606 f.
561 1550 600 1606 Sl.
620 1550 701 1604 Phil*
722 1552 780 1605 147.
811 1552 880 1607 1893
898 1569 925 1621 p.
945 1552 1027 1621 831.)
1047 1583 1080 1592 -

461 1640 548 1704 Quam
568 1642 661 1695 autem
675 1639 816 1694 nereidem
831 1640 937 1695 Statius
949 1660 975 1696 v.
989 1642 1024 1696 49
1036 1641 1227 1710 significavit?
1248 1642 1368 1697 Kostlini
1383 1643 1559 1712 sententiam,

352 1747 365 1765 ⁸
390 1729 437 1796 qui
467 1745 530 1783 cum
557 1729 724 1783 Marklando
758 1729 857 1784 scribit
884 1760 916 1771 -
946 1734 984 1798 ,et
1011 1730 1090 1785 cuius
1117 1732 1193 1784 saevi
1220 1730 1356 1788 ferierunt
1374 1734 1404 1803 (1)
1432 1733 1562 1787 Maenala

390 1818 528 1888 planctus*
555 1822 584 1873 et
602 1818 764 1874 Atalantam
788 1818 936 1890 intellegit,
964 1822 1040 1874 recte
1059 1819 1164 1874 Waller
1193 1820 1325 1885 (Exursus
1353 1822 1413 1879 crit.
1443 1822 1472 1875 in
1491 1821 1561 1876 Stat.

333 1921 335 1927 ·
390 1906 950 1979 8111911111,18859111.)Ρ.3411111111
980 1908 1033 1964 Sed
1051 1926 1086 1963 11
1104 1908 1165 1980 ipse
1183 1909 1295 1977 quidem
1314 1911 1430 1966 sustulit
1442 1910 1562 1965 difficul-

392 1999 487 2068 tatem,
507 2014 639 2069 cumpro
659 2003 846 2068 ,quamquam
867 2000 988 2054 correxit
1007 1998 1147 2065 ‚Cressam‘
1169 2030 1201 2039 -
1220 1999 1239 2059 i.
1258 2016 1282 2056 e.
1302 2000 1442 2055 Ariadnen
1465 2032 1497 2040 —
1517 2000 1562 2054 vel

392 2087 563 2155 ,Phaedram⁸
585 2120 617 2128 -
637 2087 697 2143 eius
715 2104 844 2157 sorerem,
863 2088 969 2142 utiam
989 2088 1099 2143 Gronov
1112 2088 1277 2159 (Antidiatr.
1295 2108 1322 2160 p.
1343 2091 1405 2161 196)
1424 2089 1563 2145 Maenade

392 2177 450 2231 fieri
469 2178 583 2247 putavit
601 2177 647 2231 hic
666 2194 725 2232 esse
745 2176 773 2231 in
792 2178 897 2237 Bacchi
916 2178 1082 2233 comitatum
1098 2182 1130 2231 et
1154 2182 1245 2246 terum
1273 2179 1377 2250 recipi:
1407 2198 1463 2249 que
1482 2198 1564 2235 sensu

392 2267 426 2320 de
444 2265 522 2321 nulla
542 2267 599 2321 alia
617 2284 702 2335 quam
721 2268 755 2321 de
775 2268 897 2322 Ariadne
915 2266 1048 2321 Statiium
1076 2284 1155 2337 posse
1179 2269 1252 2339 capi.
1289 2271 1352 2325 Mea
1371 2269 1485 2338 quidem
1505 2286 1564 2324 sen·

392 2356 482 2411 tentia
500 2357 611 2411 etiamsi
630 2356 745 2411 Walleri
769 2356 929 2413 coniectura
951 2356 1083 2427 neglecta
1100 2356 1178 2411 illam
1199 2375 1257 2413 esse
1286 2359 1467 2430 parenthesin
1491 2359 1565 2414 arbi-

392 2449 506 2515 tramur,
527 2446 639 2501 omnine
659 2464 714 2500 non
733 2446 768 2500 de
787 2447 913 2501 Ariadna
930 2447 1011 2502 nobis
1030 2450 1073 2502 est
1091 2448 1280 2518 cogitandum.
1311 2449 1395 2503 Recte
1413 2449 1488 2503 enim
1507 2449 1565 2503 iam

392 2536 540 2590 Markland
550 2535 692 2591 Ariadnen
705 2553 760 2589 nen
773 2553 852 2607 pesse
872 2537 928 2591 dici
946 2536 1098 2591 iudicavit:
1114 2538 1218 2592 factam
1237 2554 1296 2593 1111
1314 2539 1452 2592 maenada
1470 2556 1503 2593 ex
1522 2556 1566 2608 ee,

393 2625 468 2695 qued
487 2626 517 2679 in
536 2627 627 2701 terum
645 2625 748 2679 Bacchi
768 2629 809 2680 est
827 2630 940 2697 recepta
959 2658 993 2665 —
1013 2627 1041 2680 11
1060 2629 1134 2680 recte
1153 2627 1280 2681 addidit:
1306 2627 1410 2696 ,illudit
1428 2627 1503 2682 enim
1523 2628 1566 2683 vir

395 2716 491 2770 dectus
509 2714 568 2772 scil.
589 2714 699 2770 Gronov
718 2714 845 2770 addendo
866 2718 903 2785 ,et
921 2714 1102 2769 comitatum‘.
1131 2714 1202 2769 Sane
1217 2716 1348 2786 Ariadne,
1367 2734 1436 2771 uxor
1449 2717 1564 2787 Bacchi,

393 2822 450 2859 nen
468 2804 629 2875 planctibus
648 2821 759 2859 maenas
780 2805 857 2860 facta
881 2803 926 2859 vel
950 2804 979 2857 in
1007 2804 1173 2859 masnadam
1200 2797 1347 2861 numerum
1374 2810 1417 2861 est
1444 2809 1562 2878 reeepta‚

393 2895 451 2950 sive
470 2895 591 2950 Theseus
618 2894 697 2952 illam
726 2895 855 2965 deseruit,
883 2896 941 2950 sive
960 2894 1043 2949 Liber
1062 2895 1164 2965 rapuit.
1183 2926 1219 2936 —
1238 2895 1314 2961 Quae
1333 2896 1446 2951 tandem
1466 2894 1564 2950 mulier

394 2987 493 3053 questa
510 2987 561 3054 est,
588 3002 673 3053 quam
692 3015 725 3026 -
746 3002 830 3054 quam
849 2985 1087 3041 saevi-fecerunt
1111 2986 1247 3040 maenada
1264 2985 1394 3057 planctus
1413 2986 1430 3039 1.
1452 3004 1475 3041 e.
1494 3002 1566 3055 quae

394 3074 473 3136 luctu
502 3078 544 3129 est
570 3076 647 3129 faeta
675 3092 786 3130 maenas
815 3076 945 3131 maritum
976 3075 1159 3130 desiderans?
1189 3107 1220 3116 -
1249 3075 1313 3129 Sine
1339 3076 1423 3131 dubie
1442 3075 1568 3130 Vollmer

396 3163 465 3233 (edit
483 3183 510 3235 p.
523 3166 577 3220 380
591 3182 640 3233 sq,
661 3166 724 3234 433)
745 3166 850 3236 optime
869 3182 927 3221 esse
946 3165 1126 3220 Laodamiam
1145 3166 1349 3234 pronuntiavit,
1369 3166 1447 3221 cuius
1466 3182 1568 3220 nemen

395 3253 486 3323 ipsum
505 3254 567 3309 loce
586 3257 688 3324 nestro,
708 3257 740 3310 ut
757 3254 824 3309 Silv.
839 3256 872 3323 Il,
893 3257 916 3320 7,
938 3258 989 3311 124
1009 3273 1064 3311 111
1083 3258 1321 3323 commemoratur,
1341 3273 1452 3310 uxorem
1473 3255 1568 3310 Prote·

397 3342 461 3397 silai
476 3346 541 3397 ante
554 3343 653 3399 Troiae
666 3361 757 3399 muros
772 3345 881 3414 mertui,
901 3346 941 3399 ita-
961 3349 993 3399 ut
1011 3343 1209 3399 Marklandum
1227 3344 1371 3399 videamus
1390 3346 1447 3398 iam
1466 3344 1566 3400 merito

398 3450 453 3487 nen
467 3434 616 3501 dubitasse,
635 3434 704 3503 quin
723 3434 819 3503 aliqua
838 3439 916 3501 esset,
936 3436 1013 3491 cuius
1032 3436 1148 3490 maritus
1167 3436 1204 3489 ad
1223 3434 1328 3489 bellum
1344 3433 1494 3488 Troianum
1508 3437 1570 3488 erat

398 3524 547 3593 prefectus.
567 3556 601 3564 -
621 3524 726 3579 Statius
755 3525 841 3594 igitur
864 3524 995 3579 laudibus
1015 3525 1094 3579 effert
1113 3541 1178 3579 suae
1197 3524 1290 3579 uxoris
1309 3524 1392 3577 fidem
1411 3527 1440 3577 et
1458 3540 1568 3593 compa·

398 3613 479 3667 randi
498 3630 582 3668 causa
600 3614 694 3669 fideles
714 3614 842 3669 mulieres
861 3614 943 3670 dicit:
990 3614 1167 3683 Penelopam,
1195 3614 1384 3673 Laodamiam.
1414 3613 1569 3683 Aegialam,

400 3702 541 3757 Diomedis
560 3721 680 3773 uxorem,
708 3702 839 3775 κουρίδιον
861 3705 1013 3757 ποθέουσαν
1030 3703 1116 3766 πόσιν,
1141 3707 1173 3757 11
1191 3703 1323 3757 Homerus
1342 3703 1374 3757 ll.
1393 3702 1428 3768 V,
1447 3705 1500 3757 414
1519 3703 1568 3757 111.

399 3792 469 3847 Nam
487 3811 598 3864 prorsus
617 3793 690 3850 facie
710 3812 772 3848 cum
791 3792 940 3848 Skutschio
969 3792 1077 3864 (Jahrb.
1098 3793 1116 3847 1.
1132 3793 1171 3847 01.
1185 3792 1256 3847 Phil.
1277 3795 1327 3848 147
1347 3813 1373 3865 p.
1387 3794 1451 3859 834)
1472 3792 1569 3846 merite

400 3882 543 3938 refellente
562 3885 729 3939 sententiam
748 3884 839 3942 Herm.
860 3882 943 3941 XXV.
963 3902 990 3954 p.
1010 3885 1045 3940 88
1063 3886 1202 3954 prolatam
1222 3900 1239 3937 a
1259 3883 1410 3951 Knaaclsio,
1431 3883 1480 3951 qui
1499 3881 1569 3936 11111

400 3974 429 4026 11
449 3973 582 4045 Aegialae
605 3978 634 4028 et
657 3974 810 4028 Meliboeae
838 3974 997 4029 nominibus
1024 3990 1082 4028 esse
1111 3974 1291 4044 cogitandum
1320 3973 1391 4027 dixit
1419 3971 1452 4025 de
1472 3970 1569 4025 Thesei

401 4062 501 4117 amatis
520 4063 684 4117 mulieribus
696 4095 727 4104 -
739 4063 826 4134 Aegle
845 4066 874 4117 et
892 4063 1040 4118 Meliboea.
1062 4094 1093 4103 -
1114 4064 1172 4117 Iam
1190 4062 1312 4116 breviter
1339 4062 1512 4131 disputemus
1536 4061 1570 4115 de

402 4152 452 4206 illa
471 4152 617 4207 Meliboea.
655 4153 775 4208 Statium
795 4171 850 4208 nen
870 4154 1007 4224 cogitasse
1026 4154 1060 4208 de
1080 4153 1180 4208 Thesei
1204 4152 1319 4206 muliere
1338 4149 1443 4219 optime
1461 4153 1494 4204 ut
1513 4149 1570 4203 dixi

403 4242 523 4297 Skutsch
560 4242 768 4298 demonstravit.
814 4242 896 4297 Illam
932 4246 1026 4297 autem
1059 4242 1225 4298 Meliboeam
1253 4239 1415 4311 Ephesiam,
1453 4239 1487 4292 de
1515 4255 1572 4306 qua

402 4331 475 4386 solus
503 4332 613 4387 Servius
642 4333 779 4387 adnotans
809 4334 844 4387 ad
863 4333 933 4387 Aen.
953 4334 972 4401 l,
993 4335 1045 4389 720
1064 4335 1172 4398 narrat,
1200 4328 1327 4385 Alexidis
1355 4327 1487 4398 puellam,
1516 4345 1571 4382 nen

403 4439 460 4475 esse
488 4422 667 4493 cogitandum
698 4423 826 4491 equidem
855 4422 976 4476 arbitrer
1003 4422 1032 4474 iu
1061 4423 1109 4475 ille
1134 4420 1234 4475 'ordine
1262 4418 1422 4486 mulierum,
1452 4434 1572 4486 quarum

477 4568 496 4635 ¹)
516 4566 560 4620 Sic
580 4565 661 4620 Klotz
680 4581 798 4635 queque,
819 4565 984 4621 novissimus
1002 4564 1093 4619 editor
1111 4564 1151 4634 (P.
1172 4564 1239 4632 Pap.
1253 4562 1326 4617 Stati
1345 4562 1446 4628 Silvae,
1466 4561 1572 4614 Krehni

404 4656 491 4727 copiis
511 4674 575 4710 usus
594 4656 684 4710 edidit
702 4657 733 4709 A.
754 4655 844 4724 Klotz,
864 4656 982 4727 Lipsiae.
1021 4655 1126 4709 Teubn.
1149 4655 1234 4722 1900).
