3884 5634
839 619 1058 685 „33-

359 800 417 864 der
449 796 647 864 Decoration
678 796 868 863 bestrciten.
914 798 992 864 Mau
1010 798 1104 870 olari
1133 798 1245 864 diesen
1276 798 1534 866 schimmemden

360 904 573 971 Flitterstaat
595 903 688 970 nicht
711 902 941 988 schweridllig‚
964 904 1017 970 die
1032 903 1222 987 Hyperbeln
1246 924 1309 971 nur
1329 905 1421 971 nicht
1435 911 1535 972 wdrt·

357 1012 423 1078 liclr
446 1012 595 1090 nahmen,
626 1013 765 1077 sondern
790 1011 838 1077 als
861 1012 996 1095 gelante
1011 1011 1263 1095 ,Complimente
1297 1012 1349 1078 die
1373 1012 1433 1079 mit
1456 1013 1533 1080 lralb

356 1118 553 1185 ironischem
576 1118 721 1185 Lachelu
754 1119 894 1202 gaboten
932 1122 998 1185 und
1029 1121 1147 1186 ebenso
1180 1124 1533 1204 entgegenganommen

358 1228 499 1295 werden.

447 1334 496 1401 Ut
527 1333 665 1415 denique
698 1334 947 1417 complectamur
960 1331 982 1414 ¹)
1015 1338 1115 1415 atque
1146 1334 1180 1399 iu
1204 1334 1391 1402 universum
1414 1334 1533 1401 iudice·

359 1461 438 1522 mus,
461 1440 604 1508 Statium
636 1440 809 1523 praecipue
842 1440 875 1506 iu
908 1440 1115 1519 carminibus,
1127 1439 1151 1525 ²)
1186 1460 1269 1522 quae
1302 1444 1345 1508 ad
1368 1440 1534 1523 intimosi)

359 1548 472 1633 mittit,
495 1568 591 1616 veros
614 1549 714 1616 animi
737 1554 843 1614 motus
867 1547 987 1630 optime
1011 1548 1205 1635 exprimere,
1233 1549 1404 1634 eleganter
1427 1568 1466 1616 ac
1488 1549 1534 1615 le-

360 1655 434 1739 pide
458 1656 651 1736 describere,
680 1655 783 1722 iocose
817 1661 852 1721 et
883 1654 989 1721 facete
1017 1674 1154 1723 narrare
1177 1656 1262 1723 scire
1281 1676 1408 1739 semper
1430 1656 1534 1724 subri-

359 1765 490 1830 dentem
513 1782 570 1829 uos
594 1764 723 1844 quidem
746 1781 941 1829 censeamus.
983 1762 1046 1829 Hic
1068 1768 1245 1846 praecepta
1267 1763 1464 1831 scholastica
1485 1763 1535 1829 in-

358 1870 492 1956 geniose
525 1872 659 1953 propria
690 1870 798 1936 indole
832 1868 866 1935 in
890 1888 983 1936 suum
1005 1889 1098 1936 usum
1122 1869 1256 1950 confert,
1288 1870 1342 1937 hic
1364 1870 1478 1955 lingua
1501 1878 1536 1937 et

358 1987 491 2062 pectore
514 1996 612 2046 verus
636 1982 697 2044 est.
722 2015 765 2025 -

448 2087 488 2153 In
520 2077 642 2169 eclogi's
674 2103 754 2167 quas
778 2084 896 2153 ceteris
920 2085 1058 2163 dedicat
1090 2104 1153 2150 uon
1176 2084 1226 2151 ita
1248 2085 1318 2168 ipse
1341 2090 1400 2163 est,
1432 2086 1535 2152 rerba

360 2194 430 2261 eius
462 2211 559 2275 saepe
592 2194 688 2259 docta
716 2211 755 2258 ac
777 2191 899 2276 frigida
910 2190 935 2277 ⁴)
977 2192 1070 2259 nobis
1102 2192 1273 2276 videntur,
1306 2210 1534 2272 nonnunquam

361 2302 456 2384 plane
481 2305 518 2366 ut
541 2299 691 2366 rhetoris.
715 2338 759 2347 -

449 2408 500 2475 De
538 2407 703 2474 laudanda
735 2401 919 2473 Achilleide
958 2406 1024 2474 viri
1068 2407 1155 2474 docti
1188 2427 1250 2473 uno
1292 2428 1347 2475 ore
1380 2408 1468 2475 iuter
1499 2427 1534 2475 se

361 2515 577 2600 consentiunt,
592 2514 710 2598 quippe
725 2515 759 2581 in
774 2534 837 2597 qna
851 2534 914 2581 non
933 2515 983 2581 ita
1006 2534 1047 2581 ex
1069 2515 1181 2583 schola
1203 2516 1369 2583 rhetorica
1391 2519 1535 2599 pendens

360 2624 465 2708 magis
488 2624 641 2689 ostendat
664 2642 755 2689 suam
778 2622 918 2689 indolem
941 2628 1040 2704 atque
1063 2621 1238 2706 ingenium.
1574 2627 1577 2634 “

452 2802 472 2870 ¹)
491 2799 531 2855 Da
550 2800 597 2866 111,
617 2802 634 2855 ὁ
653 2799 770 2855 disserui
788 2818 816 2871 p.
837 2801 870 2856 14
880 2818 930 2869 sq,
949 2799 985 2854 de
1003 2798 1051 2869 IV,
1069 2801 1087 2854 4
1105 2818 1133 2871 p.
1153 2802 1194 2856 15.

450 2889 472 2961 Ι)
491 2890 598 2945 Horum
617 2890 770 2944 carminum
789 2906 847 2944 esse
864 2890 948 2958 locos,
969 2906 1039 2957 quos
1051 2888 1170 2944 Karsten
1189 2890 1207 2944 l.
1218 2890 1235 2943 l.
1246 2884 1274 2960 pL
1285 2891 1346 2957 349,
1357 2891 1418 2959 356,
1428 2892 1481 2945 374
1491 2908 1532 2958 sq.

362 2983 395 3033 ut
420 2979 496 3035 lectu
519 2980 659 3051 digniores
679 2979 768 3047 affert,
795 2995 884 3050 paena
913 2995 1008 3033 omnes
1026 2978 1115 3047 video,
1142 2995 1199 3046 qua
1217 2996 1255 3048 re,
1284 2995 1361 3033 meae
1379 2979 1534 3034 sententiaa

365 3068 599 3124 confirmationem
618 3068 760 3137 quandam
779 3084 950 3123 succrescere
968 3068 1097 3123 arbitror.

452 3156 473 3228 ³)
490 3158 608 3214 Interior
635 3159 753 3214 sociatas
771 3157 862 3213 Statio
881 3157 965 3212 fuisse
984 3157 1053 3211 mihi
1072 3158 1183 3214 videtur
1202 3174 1265 3212 cum
1288 3158 1419 3214 Arruntio
1438 3158 1533 3228 Stella,

366 3247 479 3305 Claudio
497 3247 612 3304 Etrusco
630 3248 747 3316 minora,
776 3247 878 3303 Atedio
896 3248 1021 3316 Meliore,
1040 3246 1149 3303 Vitorio
1168 3248 1312 3316 Marcello,
1335 3248 1471 3319 Septimio
1488 3249 1535 3303 Se-

364 3354 435 3409 rere,
452 3338 538 3394 Vibio
556 3338 689 3406 Maximo,
703 3338 779 3393 Julio
797 3338 965 3405 Menecrate,
984 3336 1075 3393 Pollio
1094 3337 1195 3406 Felice,
1214 3338 1297 3393 huius
1314 3354 1417 3393 socero.
1454 3337 1534 3405 Quod

361 3432 455 3484 autem
482 3428 622 3499 Ruediger
650 3428 681 3499 (l.
700 3427 719 3483 l.
738 3446 766 3499 p.
790 3428 834 3495 28)
863 3426 1089 3481 familiarissimis
1117 3425 1252 3482 Statianis
1284 3426 1420 3483 adscribit
1447 3428 1533 3483 etiam

360 3518 500 3580 Maecium
519 3517 641 3573 Celerem
670 3521 699 3573 et
716 3517 839 3572 Plotium
858 3516 992 3587 Grypum,
1024 3516 1059 3570 de
1086 3516 1140 3571 hoc
1158 3515 1250 3570 adhuc
1268 3516 1375 3586 dubito,
1403 3534 1466 3571 cum
1484 3517 1534 3571 illo

238 3641 241 3645 μ
361 3606 476 3663 minime
503 3607 601 3662 eadam
632 3606 827 3661 familiaritate
854 3609 968 3677 poetam
996 3604 1080 3660 fuisse
1108 3606 1305 3672 coniunctum,
1333 3608 1418 3675 atque
1446 3605 1535 3661 veluti

363 3713 427 3750 curn
440 3697 550 3766 Atedio,
569 3714 603 3751 ex
621 3699 681 3752 toto
700 3697 750 3751 illo
769 3695 962 3768 propemptieo
982 3694 1059 3765 (Silv.
1078 3695 1125 3764 ΙΙΙ,
1145 3699 1172 3765 2)
1190 3695 1251 3766 ipso
1270 3695 1354 3767 plane
1372 3694 1446 3751 effici
1465 3695 1535 3750 milri

361 3787 494 3858 persuasi.
522 3786 564 3842 Oi.
584 3803 624 3857 aa,
643 3803 716 3855 quaa
730 3785 855 3842 Vollmer
873 3804 900 3857 p.
915 3786 968 3840 395
988 3784 1023 3839 de
1042 3783 1242 3856 compositione
1260 3784 1392 3840 carminis
1411 3785 1488 3840 dicit
1499 3816 1534 3826 -

362 3875 489 3931 Ceterum
509 3893 561 3948 ago
580 3892 690 3944 quoqne
710 3875 843 3931 dissentio
862 3891 924 3930 cum
945 3874 1120 3929 Kerclrhoflio
1135 3873 1370 3945 (Wochenschriit
1382 3874 1400 3928 f.
1416 3874 1533 3929 ol.Phil.

365 3966 444 4033 1889,
457 3984 485 4037 p.
494 3965 559 4037 239)
578 3969 607 4022 et
625 3965 764 4020 Vollmero
783 3965 821 4035 (p.
842 3966 885 4033 18)
905 3981 923 4017 a
941 3964 1106 4033 Ruedigero,
1126 3963 1175 4033 qni
1193 3983 1220 4035 p.
1239 3965 1275 4019 34
1310 3962 1432 4018 Statium
1449 3963 1534 4019 inissa

363 4053 497 4109 clientem
514 4053 627 4110 illorum
645 4057 792 4110 asseverat.
829 4054 925 4122 Neque
943 4054 1018 4108 euim
1040 4053 1100 4107 ullo
1118 4053 1200 4107 modo
1219 4053 1258 4107 eis
1277 4052 1347 4107 locis
1365 4052 1467 4123 quibus
1485 4052 1534 4108 ille

360 4143 467 4200 nititur
485 4143 690 4200 demonstratur
708 4158 804 4199 revere
822 4148 942 4214 poetam,
961 4143 1011 4212 qui
1029 4144 1209 4214 ipsequoque
1222 4143 1312 4198 nobili
1330 4159 1430 4213 genere
1449 4145 1533 4211 omns,

362 4233 465 4302 quanti
482 4234 620 4305 originem
648 4233 770 4289 nobilem
799 4233 927 4287 aestimet
955 4231 1001 4303 (cf.
1026 4232 1148 4287 Lottich.
1176 4231 1224 4286 st·
1243 4232 1440 4303 'l'rostgediclrt
1462 4232 1532 4288 ad.

361 4322 460 4378 Claud
480 4320 588 4380 Euusc.
608 4324 674 4379 Silv.
693 4323 739 4391 III,
763 4324 788 4394 3,
807 4321 952 4393 Hamburg
971 4323 1042 4378 1893
1060 4342 1087 4394 p.
1107 4324 1143 4392 7),
1162 4338 1361 4390 nonnunquam
1379 4321 1532 4393 profitetur,

361 4412 418 4466 sibi
446 4415 597 4483 patronum
616 4413 763 4484 adoptasse
781 4412 920 4469 Maecium
938 4411 1061 4467 Celerem
1080 4410 1124 4467 vel
1142 4410 1266 4466 Plotium
1284 4410 1417 4481 Grypum.

449 4500 473 4574 ⁴)
492 4500 523 4557 u
543 4520 569 4574 g.
596 4501 631 4560 cf.
650 4502 716 4560 silv.
735 4503 783 4573 111,
802 4504 828 4573 8,
846 4502 883 4559 90
900 4519 950 4573 sq,
978 4501 1028 4556 ubi
1054 4500 1223 4556 rhetoricum
1250 4500 1280 4555 in
1308 4502 1421 4556 modum
1447 4503 1533 4571 atque

362 4591 431 4648 satis
457 4592 552 4648 ieiune
579 4609 608 4648 se
636 4593 696 4665 ipss
715 4595 829 4649 accusat
847 4591 962 4662 Statius,
990 4592 1065 4666 quod
1083 4589 1222 4645 Maecium
1245 4606 1301 4643 non
1320 4592 1479 4662 comitatur,
1498 4622 1532 4633 -

362 4698 452 4751 neque
469 4682 559 4738 ullam
578 4686 784 4739 verumtamen
804 4698 915 4738 causam
933 4666 1056 4752 proferre
1074 4683 1176 4751 potest.

1353 4771 1373 4826 3
