<?xml version="1.0" encoding="UTF-8"?>
<!DOCTYPE html PUBLIC "-//W3C//DTD XHTML 1.0 Transitional//EN"
    "http://www.w3.org/TR/xhtml1/DTD/xhtml1-transitional.dtd">
<html xmlns="http://www.w3.org/1999/xhtml" xml:lang="en" lang="en">
 <head>
  <title>
</title>
<meta http-equiv="Content-Type" content="text/html;charset=utf-8" />
  <meta name='ocr-system' content='tesseract 3.04.00' />
  <meta name='ocr-capabilities' content='ocr_page ocr_carea ocr_par ocr_line ocrx_word'/>
</head>
<body>
  <div class='ocr_page' id='page_1' title='image "./studiastatiana00hrgoog_0035.png"; bbox 0 0 3884 5634; ppageno 0'>
   <div class='ocr_carea' id='block_1_1' title="bbox 866 623 1089 686">
    <p class='ocr_par' dir='ltr' id='par_1_1' title="bbox 866 623 1089 686">
     <span class='ocr_line' id='line_1_1' title="bbox 866 623 1089 686; baseline -0.004 -17"><span class='ocrx_word' id='word_1_1' title='bbox 866 623 1089 686; x_wconf 75' lang='lat'>-31-</span> 
     </span>
    </p>
   </div>
   <div class='ocr_carea' id='block_1_2' title="bbox 384 798 1562 1209">
    <p class='ocr_par' dir='ltr' id='par_1_2' title="bbox 384 798 1562 1209">
     <span class='ocr_line' id='line_1_2' title="bbox 385 798 1561 883; baseline -0.007 -11"><span class='ocrx_word' id='word_1_2' title='bbox 385 804 467 872; x_wconf 90' lang='lat' dir='ltr'><strong>satis</strong></span> <span class='ocrx_word' id='word_1_3' title='bbox 491 823 532 869; x_wconf 92' lang='lat' dir='ltr'><strong>ex</strong></span> <span class='ocrx_word' id='word_1_4' title='bbox 556 804 652 868; x_wconf 92' lang='lat' dir='ltr'><strong>corde</strong></span> <span class='ocrx_word' id='word_1_5' title='bbox 676 800 831 881; x_wconf 90' lang='lat' dir='ltr'><strong>scriptum</strong></span> <span class='ocrx_word' id='word_1_6' title='bbox 851 799 991 882; x_wconf 88' lang='lat' dir='ltr'><strong>videtur,</strong></span> <span class='ocrx_word' id='word_1_7' title='bbox 1024 800 1106 864; x_wconf 92' lang='lat' dir='ltr'><strong>baec</strong></span> <span class='ocrx_word' id='word_1_8' title='bbox 1134 803 1211 865; x_wconf 89' lang='lat' dir='ltr'><strong>sunt</strong></span> <span class='ocrx_word' id='word_1_9' title='bbox 1235 798 1438 879; x_wconf 87' lang='lat' dir='ltr'><strong>respicienda</strong></span> <span class='ocrx_word' id='word_1_10' title='bbox 1460 798 1561 883; x_wconf 93' lang='lat' dir='ltr'><strong>nobis,</strong></span> 
     </span>
     <span class='ocr_line' id='line_1_3' title="bbox 385 905 1562 995; baseline -0.007 -15"><span class='ocrx_word' id='word_1_11' title='bbox 385 932 468 995; x_wconf 89' lang='lat' dir='ltr'><strong>quae</strong></span> <span class='ocrx_word' id='word_1_12' title='bbox 496 912 641 977; x_wconf 84' lang='lat' dir='ltr'><strong>Karsten</strong></span> <span class='ocrx_word' id='word_1_13' title='bbox 672 908 704 991; x_wconf 89' lang='lat' dir='ltr'><strong>(l.</strong></span> <span class='ocrx_word' id='word_1_14' title='bbox 728 908 747 971; x_wconf 91' lang='lat' dir='ltr'><strong>l.</strong></span> <span class='ocrx_word' id='word_1_15' title='bbox 772 927 802 988; x_wconf 89' lang='lat' dir='ltr'><strong>p.</strong></span> <span class='ocrx_word' id='word_1_16' title='bbox 828 907 904 988; x_wconf 77' lang='lat'>375)</span> <span class='ocrx_word' id='word_1_17' title='bbox 934 925 998 972; x_wconf 93' lang='lat' dir='ltr'><strong>non</strong></span> <span class='ocrx_word' id='word_1_18' title='bbox 1031 905 1214 983; x_wconf 83' lang='lat' dir='ltr'><strong>intellexit,</strong></span> <span class='ocrx_word' id='word_1_19' title='bbox 1246 906 1301 987; x_wconf 93' lang='lat' dir='ltr'><strong>qui</strong></span> <span class='ocrx_word' id='word_1_20' title='bbox 1324 906 1426 988; x_wconf 87' lang='lat' dir='ltr'><strong>IlI,3</strong></span> <span class='ocrx_word' id='word_1_21' title='bbox 1459 906 1562 972; x_wconf 92' lang='lat' dir='ltr'><strong>multa</strong></span> 
     </span>
     <span class='ocr_line' id='line_1_4' title="bbox 384 1012 1561 1097; baseline -0.006 -11"><span class='ocrx_word' id='word_1_22' title='bbox 384 1022 508 1086; x_wconf 91' lang='lat' dir='ltr'><strong>babere</strong></span> <span class='ocrx_word' id='word_1_23' title='bbox 531 1015 654 1082; x_wconf 87' lang='lat' dir='ltr'><strong>lumina</strong></span> <span class='ocrx_word' id='word_1_24' title='bbox 677 1014 844 1080; x_wconf 88' lang='lat' dir='ltr'><strong>doctrinae</strong></span> <span class='ocrx_word' id='word_1_25' title='bbox 868 1021 903 1080; x_wconf 89' lang='lat' dir='ltr'><strong>et</strong></span> <span class='ocrx_word' id='word_1_26' title='bbox 925 1013 1058 1097; x_wconf 89' lang='lat' dir='ltr'><strong>ingenii,</strong></span> <span class='ocrx_word' id='word_1_27' title='bbox 1086 1016 1143 1079; x_wconf 90' lang='lat' dir='ltr'><strong>sed</strong></span> <span class='ocrx_word' id='word_1_28' title='bbox 1165 1013 1256 1079; x_wconf 88' lang='lat' dir='ltr'><strong>nulla</strong></span> <span class='ocrx_word' id='word_1_29' title='bbox 1279 1012 1398 1079; x_wconf 78' lang='lat' dir='ltr'><strong>sinceri</strong></span> <span class='ocrx_word' id='word_1_30' title='bbox 1421 1013 1561 1094; x_wconf 81' lang='lat' dir='ltr'><strong>pectoris</strong></span> 
     </span>
     <span class='ocr_line' id='line_1_5' title="bbox 387 1120 1562 1209; baseline -0.004 -18"><span class='ocrx_word' id='word_1_31' title='bbox 387 1123 616 1209; x_wconf 88' lang='lat' dir='ltr'><strong>pronuntiavit</strong></span> <span class='ocrx_word' id='word_1_32' title='bbox 630 1161 673 1169; x_wconf 93' lang='lat'>—</span> <span class='ocrx_word' id='word_1_33' title='bbox 688 1141 760 1187; x_wconf 90' lang='lat' dir='ltr'><strong>mea</strong></span> <span class='ocrx_word' id='word_1_34' title='bbox 783 1120 912 1202; x_wconf 87' lang='lat' dir='ltr'><strong>quidem</strong></span> <span class='ocrx_word' id='word_1_35' title='bbox 935 1121 1102 1187; x_wconf 89' lang='lat' dir='ltr'><strong>sententia</strong></span> <span class='ocrx_word' id='word_1_36' title='bbox 1115 1140 1178 1186; x_wconf 89' lang='lat' dir='ltr'><strong>non</strong></span> <span class='ocrx_word' id='word_1_37' title='bbox 1193 1120 1304 1200; x_wconf 87' lang='lat' dir='ltr'><strong>utique</strong></span> <span class='ocrx_word' id='word_1_38' title='bbox 1320 1127 1418 1186; x_wconf 89' lang='lat' dir='ltr'><strong>recte.</strong></span> <span class='ocrx_word' id='word_1_39' title='bbox 1449 1120 1514 1187; x_wconf 93' lang='lat' dir='ltr'><strong>Illa</strong></span> <span class='ocrx_word' id='word_1_40' title='bbox 1528 1121 1562 1186; x_wconf 92' lang='lat' dir='ltr'><strong>in</strong></span> 
     </span>
    </p>
   </div>
   <div class='ocr_carea' id='block_1_3' title="bbox 384 1228 1630 2492">
    <p class='ocr_par' dir='ltr' id='par_1_3' title="bbox 384 1228 1630 2492">
     <span class='ocr_line' id='line_1_6' title="bbox 391 1228 1562 1313; baseline -0.004 -15"><span class='ocrx_word' id='word_1_41' title='bbox 391 1231 616 1313; x_wconf 82' lang='lat' dir='ltr'><strong>consolatione,</strong></span> <span class='ocrx_word' id='word_1_42' title='bbox 641 1248 734 1309; x_wconf 89' lang='lat' dir='ltr'><strong>quam</strong></span> <span class='ocrx_word' id='word_1_43' title='bbox 761 1228 850 1293; x_wconf 88' lang='lat' dir='ltr'><strong>misit</strong></span> <span class='ocrx_word' id='word_1_44' title='bbox 872 1230 914 1294; x_wconf 92' lang='lat' dir='ltr'><strong>ad</strong></span> <span class='ocrx_word' id='word_1_45' title='bbox 928 1229 1112 1311; x_wconf 81' lang='lat' dir='ltr'><strong>Etruscum,</strong></span> <span class='ocrx_word' id='word_1_46' title='bbox 1136 1228 1227 1292; x_wconf 87' lang='lat' dir='ltr'><strong>cuius</strong></span> <span class='ocrx_word' id='word_1_47' title='bbox 1242 1233 1337 1308; x_wconf 88' lang='lat' dir='ltr'><strong>pater</strong></span> <span class='ocrx_word' id='word_1_48' title='bbox 1356 1247 1382 1293; x_wconf 86' lang='lat' dir='ltr'><strong>c.</strong></span> <span class='ocrx_word' id='word_1_49' title='bbox 1398 1229 1442 1295; x_wconf 85' lang='lat'><strong>90</strong></span> <span class='ocrx_word' id='word_1_50' title='bbox 1461 1247 1562 1293; x_wconf 88' lang='lat' dir='ltr'><strong>annos</strong></span> 
     </span>
     <span class='ocr_line' id='line_1_7' title="bbox 389 1334 1560 1416; baseline -0.003 -13"><span class='ocrx_word' id='word_1_51' title='bbox 389 1345 483 1403; x_wconf 90' lang='lat' dir='ltr'><strong>natus</strong></span> <span class='ocrx_word' id='word_1_52' title='bbox 508 1338 635 1403; x_wconf 90' lang='lat' dir='ltr'><strong>obierat</strong></span> <span class='ocrx_word' id='word_1_53' title='bbox 659 1336 743 1401; x_wconf 93' lang='lat' dir='ltr'><strong>diem</strong></span> <span class='ocrx_word' id='word_1_54' title='bbox 766 1353 960 1416; x_wconf 87' lang='lat' dir='ltr'><strong>supremum,</strong></span> <span class='ocrx_word' id='word_1_55' title='bbox 988 1335 1060 1400; x_wconf 85' lang='lat' dir='ltr'><strong>fieri</strong></span> <span class='ocrx_word' id='word_1_56' title='bbox 1084 1353 1147 1399; x_wconf 89' lang='lat' dir='ltr'><strong>nou</strong></span> <span class='ocrx_word' id='word_1_57' title='bbox 1171 1334 1286 1416; x_wconf 91' lang='lat' dir='ltr'><strong>potuit,</strong></span> <span class='ocrx_word' id='word_1_58' title='bbox 1310 1334 1387 1414; x_wconf 87' lang='lat' dir='ltr'><strong>quin</strong></span> <span class='ocrx_word' id='word_1_59' title='bbox 1411 1334 1481 1400; x_wconf 92' lang='lat' dir='ltr'><strong>eius</strong></span> <span class='ocrx_word' id='word_1_60' title='bbox 1506 1355 1560 1399; x_wconf 88' lang='lat' dir='ltr'><strong>ex-</strong></span> 
     </span>
     <span class='ocr_line' id='line_1_8' title="bbox 386 1441 1561 1526; baseline -0.003 -16"><span class='ocrx_word' id='word_1_61' title='bbox 386 1446 493 1511; x_wconf 87' lang='lat' dir='ltr'><strong>silium</strong></span> <span class='ocrx_word' id='word_1_62' title='bbox 527 1445 623 1526; x_wconf 92' lang='lat' dir='ltr'><strong>plane</strong></span> <span class='ocrx_word' id='word_1_63' title='bbox 656 1442 787 1508; x_wconf 90' lang='lat' dir='ltr'><strong>silentio</strong></span> <span class='ocrx_word' id='word_1_64' title='bbox 820 1442 1114 1523; x_wconf 84' lang='lat' dir='ltr'><strong>praetermitteret.</strong></span> <span class='ocrx_word' id='word_1_65' title='bbox 1160 1441 1299 1508; x_wconf 88' lang='lat' dir='ltr'><strong>Etiamsi</strong></span> <span class='ocrx_word' id='word_1_66' title='bbox 1332 1447 1441 1508; x_wconf 89' lang='lat' dir='ltr'><strong>autern</strong></span> <span class='ocrx_word' id='word_1_67' title='bbox 1464 1448 1561 1524; x_wconf 87' lang='lat' dir='ltr'><strong>poeta</strong></span> 
     </span>
     <span class='ocr_line' id='line_1_9' title="bbox 387 1548 1560 1633; baseline -0.002 -18"><span class='ocrx_word' id='word_1_68' title='bbox 387 1552 537 1617; x_wconf 89' lang='lat' dir='ltr'><strong>sollerter</strong></span> <span class='ocrx_word' id='word_1_69' title='bbox 560 1551 622 1617; x_wconf 92' lang='lat' dir='ltr'><strong>scit</strong></span> <span class='ocrx_word' id='word_1_70' title='bbox 636 1551 658 1633; x_wconf 85' lang='lat'><strong>¹)</strong></span> <span class='ocrx_word' id='word_1_71' title='bbox 692 1551 778 1614; x_wconf 90' lang='lat' dir='ltr'><strong>baud</strong></span> <span class='ocrx_word' id='word_1_72' title='bbox 802 1549 898 1614; x_wconf 91' lang='lat' dir='ltr'><strong>dubie</strong></span> <span class='ocrx_word' id='word_1_73' title='bbox 923 1552 961 1615; x_wconf 94' lang='lat' dir='ltr'><strong>de</strong></span> <span class='ocrx_word' id='word_1_74' title='bbox 986 1549 1045 1614; x_wconf 92' lang='lat' dir='ltr'><strong>illa</strong></span> <span class='ocrx_word' id='word_1_75' title='bbox 1068 1569 1103 1615; x_wconf 92' lang='lat' dir='ltr'><strong>re</strong></span> <span class='ocrx_word' id='word_1_76' title='bbox 1127 1549 1209 1615; x_wconf 87' lang='lat' dir='ltr'><strong>satis</strong></span> <span class='ocrx_word' id='word_1_77' title='bbox 1233 1550 1351 1615; x_wconf 87' lang='lat' dir='ltr'><strong>acerba</strong></span> <span class='ocrx_word' id='word_1_78' title='bbox 1374 1569 1412 1615; x_wconf 90' lang='lat' dir='ltr'><strong>ac</strong></span> <span class='ocrx_word' id='word_1_79' title='bbox 1435 1548 1560 1614; x_wconf 84' lang='lat' dir='ltr'><strong>difficili</strong></span> 
     </span>
     <span class='ocr_line' id='line_1_10' title="bbox 388 1655 1560 1739; baseline -0.002 -16"><span class='ocrx_word' id='word_1_80' title='bbox 388 1665 480 1725; x_wconf 90' lang='lat' dir='ltr'><strong>caute</strong></span> <span class='ocrx_word' id='word_1_81' title='bbox 502 1658 600 1739; x_wconf 89' lang='lat' dir='ltr'><strong>loqui,</strong></span> <span class='ocrx_word' id='word_1_82' title='bbox 634 1664 743 1723; x_wconf 88' lang='lat' dir='ltr'><strong>tamen</strong></span> <span class='ocrx_word' id='word_1_83' title='bbox 766 1675 839 1721; x_wconf 93' lang='lat' dir='ltr'><strong>eum</strong></span> <span class='ocrx_word' id='word_1_84' title='bbox 862 1656 947 1720; x_wconf 82' lang='lat' dir='ltr'><strong>orale</strong></span> <span class='ocrx_word' id='word_1_85' title='bbox 970 1675 1011 1721; x_wconf 90' lang='lat' dir='ltr'><strong>ea</strong></span> <span class='ocrx_word' id='word_1_86' title='bbox 1033 1656 1120 1721; x_wconf 82' lang='lat' dir='ltr'><strong>affici</strong></span> <span class='ocrx_word' id='word_1_87' title='bbox 1145 1675 1278 1736; x_wconf 90' lang='lat' dir='ltr'><strong>eamque</strong></span> <span class='ocrx_word' id='word_1_88' title='bbox 1303 1656 1451 1722; x_wconf 89' lang='lat' dir='ltr'><strong>dolenter</strong></span> <span class='ocrx_word' id='word_1_89' title='bbox 1473 1655 1560 1722; x_wconf 86' lang='lat' dir='ltr'><strong>ferre</strong></span> 
     </span>
     <span class='ocr_line' id='line_1_11' title="bbox 388 1762 1630 1849; baseline -0.002 -18"><span class='ocrx_word' id='word_1_90' title='bbox 388 1766 518 1834; x_wconf 88' lang='lat' dir='ltr'><strong>sentias.</strong></span> <span class='ocrx_word' id='word_1_91' title='bbox 555 1767 647 1849; x_wconf 89' lang='lat' dir='ltr'><strong>Nam,</strong></span> <span class='ocrx_word' id='word_1_92' title='bbox 670 1765 698 1830; x_wconf 92' lang='lat' dir='ltr'><strong>si</strong></span> <span class='ocrx_word' id='word_1_93' title='bbox 722 1782 757 1829; x_wconf 93' lang='lat' dir='ltr'><strong>re</strong></span> <span class='ocrx_word' id='word_1_94' title='bbox 784 1782 862 1829; x_wconf 86' lang='lat' dir='ltr'><strong>vera</strong></span> <span class='ocrx_word' id='word_1_95' title='bbox 880 1762 991 1828; x_wconf 87' lang='lat' dir='ltr'><strong>iuerat</strong></span> <span class='ocrx_word' id='word_1_96' title='bbox 1014 1771 1110 1844; x_wconf 86' lang='lat' dir='ltr'><strong>pater</strong></span> <span class='ocrx_word' id='word_1_97' title='bbox 1132 1764 1256 1846; x_wconf 82' lang='lat' dir='ltr'><strong>unxina,</strong></span> <span class='ocrx_word' id='word_1_98' title='bbox 1272 1764 1423 1847; x_wconf 86' lang='lat' dir='ltr'><strong>Statium,</strong></span> <span class='ocrx_word' id='word_1_99' title='bbox 1438 1770 1475 1829; x_wconf 90' lang='lat' dir='ltr'><strong>ut</strong></span> <span class='ocrx_word' id='word_1_100' title='bbox 1488 1770 1562 1829; x_wconf 90' lang='lat' dir='ltr'><strong>erat</strong></span> <span class='ocrx_word' id='word_1_101' title='bbox 1625 1782 1630 1788; x_wconf 87' lang='lat'><strong>·</strong></span> 
     </span>
     <span class='ocr_line' id='line_1_12' title="bbox 386 1869 1560 1953; baseline -0.002 -15"><span class='ocrx_word' id='word_1_102' title='bbox 386 1892 508 1939; x_wconf 89' lang='lat' dir='ltr'><strong>summa</strong></span> <span class='ocrx_word' id='word_1_103' title='bbox 543 1892 666 1939; x_wconf 91' lang='lat' dir='ltr'><strong>morum</strong></span> <span class='ocrx_word' id='word_1_104' title='bbox 690 1869 875 1953; x_wconf 82' lang='lat' dir='ltr'><strong>elegantia,</strong></span> <span class='ocrx_word' id='word_1_105' title='bbox 909 1872 947 1934; x_wconf 94' lang='lat' dir='ltr'><strong>de</strong></span> <span class='ocrx_word' id='word_1_106' title='bbox 981 1888 1020 1934; x_wconf 87' lang='lat' dir='ltr'><strong>ea</strong></span> <span class='ocrx_word' id='word_1_107' title='bbox 1053 1871 1155 1936; x_wconf 88' lang='lat' dir='ltr'><strong>verba</strong></span> <span class='ocrx_word' id='word_1_108' title='bbox 1187 1871 1296 1937; x_wconf 85' lang='lat' dir='ltr'><strong>iacere</strong></span> <span class='ocrx_word' id='word_1_109' title='bbox 1328 1890 1392 1937; x_wconf 93' lang='lat' dir='ltr'><strong>non</strong></span> <span class='ocrx_word' id='word_1_110' title='bbox 1416 1872 1560 1953; x_wconf 90' lang='lat' dir='ltr'><strong>potuisse</strong></span> 
     </span>
     <span class='ocr_line' id='line_1_13' title="bbox 384 1976 1561 2063; baseline -0.002 -18"><span class='ocrx_word' id='word_1_111' title='bbox 384 2000 442 2061; x_wconf 92' lang='lat' dir='ltr'><strong>per</strong></span> <span class='ocrx_word' id='word_1_112' title='bbox 465 2000 500 2046; x_wconf 88' lang='lat' dir='ltr'><strong>se</strong></span> <span class='ocrx_word' id='word_1_113' title='bbox 524 1985 636 2063; x_wconf 83' lang='lat' dir='ltr'><strong>patet3</strong></span> <span class='ocrx_word' id='word_1_114' title='bbox 670 1979 721 2045; x_wconf 89' lang='lat' dir='ltr'><strong>siu</strong></span> <span class='ocrx_word' id='word_1_115' title='bbox 756 1983 865 2043; x_wconf 88' lang='lat' dir='ltr'><strong>autem</strong></span> <span class='ocrx_word' id='word_1_116' title='bbox 898 1977 954 2042; x_wconf 94' lang='lat' dir='ltr'><strong>ille</strong></span> <span class='ocrx_word' id='word_1_117' title='bbox 987 1976 1021 2042; x_wconf 94' lang='lat' dir='ltr'><strong>in</strong></span> <span class='ocrx_word' id='word_1_118' title='bbox 1044 1976 1195 2043; x_wconf 87' lang='lat' dir='ltr'><strong>exsilium</strong></span> <span class='ocrx_word' id='word_1_119' title='bbox 1218 1984 1290 2044; x_wconf 87' lang='lat' dir='ltr'><strong>erat</strong></span> <span class='ocrx_word' id='word_1_120' title='bbox 1314 1978 1429 2044; x_wconf 88' lang='lat' dir='ltr'><strong>missus</strong></span> <span class='ocrx_word' id='word_1_121' title='bbox 1453 1979 1561 2059; x_wconf 88' lang='lat' dir='ltr'><strong>potius</strong></span> 
     </span>
     <span class='ocr_line' id='line_1_14' title="bbox 384 2084 1561 2171; baseline -0.002 -19"><span class='ocrx_word' id='word_1_122' title='bbox 384 2107 424 2153; x_wconf 92' lang='lat' dir='ltr'><strong>ex</strong></span> <span class='ocrx_word' id='word_1_123' title='bbox 447 2087 584 2154; x_wconf 92' lang='lat' dir='ltr'><strong>libidine</strong></span> <span class='ocrx_word' id='word_1_124' title='bbox 607 2086 742 2171; x_wconf 86' lang='lat' dir='ltr'><strong>tyranni</strong></span> <span class='ocrx_word' id='word_1_125' title='bbox 766 2092 801 2151; x_wconf 91' lang='lat' dir='ltr'><strong>et</strong></span> <span class='ocrx_word' id='word_1_126' title='bbox 824 2084 1028 2167; x_wconf 89' lang='lat' dir='ltr'><strong>crudelitate,</strong></span> <span class='ocrx_word' id='word_1_127' title='bbox 1060 2084 1162 2150; x_wconf 90' lang='lat' dir='ltr'><strong>multo</strong></span> <span class='ocrx_word' id='word_1_128' title='bbox 1186 2085 1290 2150; x_wconf 91' lang='lat' dir='ltr'><strong>rninus</strong></span> <span class='ocrx_word' id='word_1_129' title='bbox 1314 2092 1427 2168; x_wconf 87' lang='lat' dir='ltr'><strong>aperte</strong></span> <span class='ocrx_word' id='word_1_130' title='bbox 1453 2086 1561 2151; x_wconf 91' lang='lat' dir='ltr'><strong>dicen·</strong></span> 
     </span>
     <span class='ocr_line' id='line_1_15' title="bbox 387 2191 1560 2278; baseline 0 -21"><span class='ocrx_word' id='word_1_131' title='bbox 387 2197 460 2259; x_wconf 90' lang='lat' dir='ltr'><strong>dnm</strong></span> <span class='ocrx_word' id='word_1_132' title='bbox 482 2203 555 2261; x_wconf 89' lang='lat' dir='ltr'><strong>erat</strong></span> <span class='ocrx_word' id='word_1_133' title='bbox 578 2201 703 2278; x_wconf 91' lang='lat' dir='ltr'><strong>poetae.</strong></span> <span class='ocrx_word' id='word_1_134' title='bbox 729 2230 770 2239; x_wconf 93' lang='lat'><em>-</em></span> <span class='ocrx_word' id='word_1_135' title='bbox 794 2192 849 2258; x_wconf 90' lang='lat' dir='ltr'><strong>Ita</strong></span> <span class='ocrx_word' id='word_1_136' title='bbox 871 2191 993 2257; x_wconf 88' lang='lat' dir='ltr'><strong>factum</strong></span> <span class='ocrx_word' id='word_1_137' title='bbox 1016 2197 1076 2274; x_wconf 78' lang='lat' dir='ltr'><strong>est,</strong></span> <span class='ocrx_word' id='word_1_138' title='bbox 1099 2191 1134 2257; x_wconf 91' lang='lat' dir='ltr'><strong>ni</strong></span> <span class='ocrx_word' id='word_1_139' title='bbox 1157 2192 1263 2274; x_wconf 85' lang='lat' dir='ltr'><strong>fallor,</strong></span> <span class='ocrx_word' id='word_1_140' title='bbox 1287 2198 1332 2271; x_wconf 85' lang='lat' dir='ltr'><strong>ut,</strong></span> <span class='ocrx_word' id='word_1_141' title='bbox 1355 2195 1439 2271; x_wconf 86' lang='lat' dir='ltr'><strong>quod</strong></span> <span class='ocrx_word' id='word_1_142' title='bbox 1463 2202 1560 2273; x_wconf 89' lang='lat' dir='ltr'><strong>poeta</strong></span> 
     </span>
     <span class='ocr_line' id='line_1_16' title="bbox 387 2299 1561 2384; baseline 0.001 -19"><span class='ocrx_word' id='word_1_143' title='bbox 387 2300 420 2365; x_wconf 92' lang='lat' dir='ltr'><strong>id</strong></span> <span class='ocrx_word' id='word_1_144' title='bbox 444 2303 539 2367; x_wconf 84' lang='lat' dir='ltr'><strong>anxie</strong></span> <span class='ocrx_word' id='word_1_145' title='bbox 563 2304 724 2384; x_wconf 86' lang='lat' dir='ltr'><strong>studebat,</strong></span> <span class='ocrx_word' id='word_1_146' title='bbox 748 2319 788 2365; x_wconf 93' lang='lat' dir='ltr'><strong>ne</strong></span> <span class='ocrx_word' id='word_1_147' title='bbox 813 2299 937 2365; x_wconf 91' lang='lat' dir='ltr'><strong>diceret</strong></span> <span class='ocrx_word' id='word_1_148' title='bbox 959 2299 1101 2382; x_wconf 91' lang='lat' dir='ltr'><strong>nimium,</strong></span> <span class='ocrx_word' id='word_1_149' title='bbox 1125 2318 1166 2365; x_wconf 93' lang='lat' dir='ltr'><strong>ne</strong></span> <span class='ocrx_word' id='word_1_150' title='bbox 1180 2306 1239 2365; x_wconf 90' lang='lat' dir='ltr'><strong>aut</strong></span> <span class='ocrx_word' id='word_1_151' title='bbox 1252 2299 1353 2365; x_wconf 90' lang='lat' dir='ltr'><strong>filium</strong></span> <span class='ocrx_word' id='word_1_152' title='bbox 1371 2300 1561 2366; x_wconf 87' lang='lat' dir='ltr'><strong>vulneraret</strong></span> 
     </span>
     <span class='ocr_line' id='line_1_17' title="bbox 384 2406 1559 2492; baseline -0.002 -19"><span class='ocrx_word' id='word_1_153' title='bbox 384 2414 442 2473; x_wconf 92' lang='lat' dir='ltr'><strong>aut</strong></span> <span class='ocrx_word' id='word_1_154' title='bbox 464 2409 611 2476; x_wconf 86' lang='lat' dir='ltr'><strong>laederet</strong></span> <span class='ocrx_word' id='word_1_155' title='bbox 633 2409 870 2492; x_wconf 88' lang='lat' dir='ltr'><strong>imperatorem,</strong></span> <span class='ocrx_word' id='word_1_156' title='bbox 903 2425 1049 2472; x_wconf 87' lang='lat' dir='ltr'><strong>sermone</strong></span> <span class='ocrx_word' id='word_1_157' title='bbox 1080 2406 1252 2472; x_wconf 89' lang='lat' dir='ltr'><strong>tumidiore</strong></span> <span class='ocrx_word' id='word_1_158' title='bbox 1275 2426 1338 2472; x_wconf 91' lang='lat' dir='ltr'><strong>non</strong></span> <span class='ocrx_word' id='word_1_159' title='bbox 1361 2407 1411 2474; x_wconf 88' lang='lat' dir='ltr'><strong>ita</strong></span> <span class='ocrx_word' id='word_1_160' title='bbox 1433 2407 1559 2472; x_wconf 92' lang='lat' dir='ltr'><strong>sincere</strong></span> 
     </span>
    </p>
   </div>
   <div class='ocr_carea' id='block_1_4' title="bbox 387 2513 1675 2597">
    <p class='ocr_par' dir='ltr' id='par_1_4' title="bbox 387 2513 1675 2597">
     <span class='ocr_line' id='line_1_18' title="bbox 387 2513 1675 2597; baseline 0.005 -20"><span class='ocrx_word' id='word_1_161' title='bbox 387 2515 534 2594; x_wconf 83' lang='lat' dir='ltr'><strong>expressi</strong></span> <span class='ocrx_word' id='word_1_162' title='bbox 556 2515 730 2581; x_wconf 80' lang='lat' dir='ltr'><strong>videantur</strong></span> <span class='ocrx_word' id='word_1_163' title='bbox 753 2513 852 2579; x_wconf 89' lang='lat' dir='ltr'><strong>animi</strong></span> <span class='ocrx_word' id='word_1_164' title='bbox 876 2520 999 2580; x_wconf 91' lang='lat' dir='ltr'><strong>motus:</strong></span> <span class='ocrx_word' id='word_1_165' title='bbox 1034 2532 1113 2593; x_wconf 90' lang='lat' dir='ltr'><strong>quos</strong></span> <span class='ocrx_word' id='word_1_166' title='bbox 1145 2513 1241 2594; x_wconf 91' lang='lat' dir='ltr'><strong>plane</strong></span> <span class='ocrx_word' id='word_1_167' title='bbox 1268 2533 1329 2579; x_wconf 93' lang='lat' dir='ltr'><strong>nec</strong></span> <span class='ocrx_word' id='word_1_168' title='bbox 1352 2533 1416 2580; x_wconf 92' lang='lat' dir='ltr'><strong>non</strong></span> <span class='ocrx_word' id='word_1_169' title='bbox 1439 2514 1559 2597; x_wconf 91' lang='lat' dir='ltr'><strong>optime</strong></span> <span class='ocrx_word' id='word_1_170' title='bbox 1672 2579 1675 2584; x_wconf 82' lang='lat'><strong>.</strong></span> 
     </span>
    </p>
   </div>
   <div class='ocr_carea' id='block_1_5' title="bbox 379 2622 1559 4421">
    <p class='ocr_par' dir='ltr' id='par_1_5' title="bbox 383 2622 1559 2921">
     <span class='ocr_line' id='line_1_19' title="bbox 387 2622 1559 2707; baseline 0.004 -24"><span class='ocrx_word' id='word_1_171' title='bbox 387 2639 559 2700; x_wconf 86' lang='lat' dir='ltr'><strong>expressos</strong></span> <span class='ocrx_word' id='word_1_172' title='bbox 601 2640 670 2687; x_wconf 89' lang='lat' dir='ltr'><strong>meo</strong></span> <span class='ocrx_word' id='word_1_173' title='bbox 706 2623 833 2704; x_wconf 90' lang='lat' dir='ltr'><strong>quidem</strong></span> <span class='ocrx_word' id='word_1_174' title='bbox 866 2623 1004 2690; x_wconf 91' lang='lat' dir='ltr'><strong>arbitrio</strong></span> <span class='ocrx_word' id='word_1_175' title='bbox 1037 2624 1183 2689; x_wconf 90' lang='lat' dir='ltr'><strong>videmus</strong></span> <span class='ocrx_word' id='word_1_176' title='bbox 1216 2624 1255 2688; x_wconf 93' lang='lat' dir='ltr'><strong>de</strong></span> <span class='ocrx_word' id='word_1_177' title='bbox 1288 2622 1417 2707; x_wconf 90' lang='lat' dir='ltr'><strong>integro</strong></span> <span class='ocrx_word' id='word_1_178' title='bbox 1449 2622 1559 2690; x_wconf 86' lang='lat' dir='ltr'><strong>verbis</strong></span> 
     </span>
     <span class='ocr_line' id='line_1_20' title="bbox 385 2726 1558 2813; baseline 0.003 -23"><span class='ocrx_word' id='word_1_179' title='bbox 385 2726 518 2792; x_wconf 86' lang='lat' dir='ltr'><strong>Etrusci</strong></span> <span class='ocrx_word' id='word_1_180' title='bbox 564 2728 608 2813; x_wconf 85' lang='lat' dir='ltr'><strong>(v.</strong></span> <span class='ocrx_word' id='word_1_181' title='bbox 643 2730 705 2795; x_wconf 81' lang='lat'><strong>182</strong></span> <span class='ocrx_word' id='word_1_182' title='bbox 729 2733 787 2811; x_wconf 87' lang='lat' dir='ltr'><strong>sq.)</strong></span> <span class='ocrx_word' id='word_1_183' title='bbox 833 2737 867 2797; x_wconf 94' lang='lat' dir='ltr'><strong>et</strong></span> <span class='ocrx_word' id='word_1_184' title='bbox 904 2731 1005 2797; x_wconf 90' lang='lat' dir='ltr'><strong>Statii</strong></span> <span class='ocrx_word' id='word_1_185' title='bbox 1051 2729 1153 2812; x_wconf 91' lang='lat' dir='ltr'><strong>ipsius</strong></span> <span class='ocrx_word' id='word_1_186' title='bbox 1199 2730 1394 2796; x_wconf 89' lang='lat' dir='ltr'><strong>allocutione</strong></span> <span class='ocrx_word' id='word_1_187' title='bbox 1440 2730 1558 2796; x_wconf 91' lang='lat' dir='ltr'><strong>mortui</strong></span> 
     </span>
     <span class='ocr_line' id='line_1_21' title="bbox 383 2834 611 2921; baseline -0.004 -21"><span class='ocrx_word' id='word_1_188' title='bbox 383 2834 428 2919; x_wconf 90' lang='lat' dir='ltr'><strong>(v.</strong></span> <span class='ocrx_word' id='word_1_189' title='bbox 453 2836 517 2900; x_wconf 83' lang='lat'><strong>208</strong></span> <span class='ocrx_word' id='word_1_190' title='bbox 541 2835 611 2921; x_wconf 88' lang='lat' dir='ltr'><strong>sq.).</strong></span> 
     </span>
    </p>

    <p class='ocr_par' dir='ltr' id='par_1_6' title="bbox 379 2942 1558 4421">
     <span class='ocr_line' id='line_1_22' title="bbox 474 2942 1557 3029; baseline 0.004 -22"><span class='ocrx_word' id='word_1_191' title='bbox 474 2942 543 3007; x_wconf 90' lang='lat' dir='ltr'><strong>Iam</strong></span> <span class='ocrx_word' id='word_1_192' title='bbox 576 2943 829 3025; x_wconf 89' lang='lat' dir='ltr'><strong>contemplemur</strong></span> <span class='ocrx_word' id='word_1_193' title='bbox 861 2946 923 3025; x_wconf 94' lang='lat' dir='ltr'><strong>Ill,</strong></span> <span class='ocrx_word' id='word_1_194' title='bbox 957 2948 973 3009; x_wconf 91' lang='grc'><strong>1</strong></span> <span class='ocrx_word' id='word_1_195' title='bbox 1009 2953 1044 3011; x_wconf 93' lang='lat' dir='ltr'><strong>et</strong></span> <span class='ocrx_word' id='word_1_196' title='bbox 1075 2945 1101 3029; x_wconf 92' lang='lat' dir='ltr'><strong>l,</strong></span> <span class='ocrx_word' id='word_1_197' title='bbox 1134 2947 1154 3010; x_wconf 80' lang='lat'>2</span> <span class='ocrx_word' id='word_1_198' title='bbox 1188 2944 1267 3011; x_wconf 89' lang='lat' dir='ltr'><strong>Silv.</strong></span> <span class='ocrx_word' id='word_1_199' title='bbox 1334 2946 1421 3011; x_wconf 88' lang='lat' dir='ltr'><strong>lllud</strong></span> <span class='ocrx_word' id='word_1_200' title='bbox 1453 2945 1557 3011; x_wconf 92' lang='lat' dir='ltr'><strong>Pollio</strong></span> 
     </span>
     <span class='ocr_line' id='line_1_23' title="bbox 385 3047 1558 3119; baseline 0.009 -10"><span class='ocrx_word' id='word_1_201' title='bbox 385 3047 489 3113; x_wconf 85' lang='lat' dir='ltr'><strong>Felici</strong></span> <span class='ocrx_word' id='word_1_202' title='bbox 534 3050 717 3116; x_wconf 90' lang='lat' dir='ltr'><strong>dedicatum</strong></span> <span class='ocrx_word' id='word_1_203' title='bbox 763 3071 891 3117; x_wconf 88' lang='lat' dir='ltr'><strong>carmen</strong></span> <span class='ocrx_word' id='word_1_204' title='bbox 938 3052 1080 3118; x_wconf 82' lang='lat' dir='ltr'><strong>Claretie</strong></span> <span class='ocrx_word' id='word_1_205' title='bbox 1125 3071 1189 3118; x_wconf 93' lang='lat' dir='ltr'><strong>non</strong></span> <span class='ocrx_word' id='word_1_206' title='bbox 1235 3052 1317 3119; x_wconf 87' lang='lat' dir='ltr'><strong>satis</strong></span> <span class='ocrx_word' id='word_1_207' title='bbox 1358 3052 1558 3119; x_wconf 85' lang='lat' dir='ltr'><strong>intellexisse</strong></span> 
     </span>
     <span class='ocr_line' id='line_1_24' title="bbox 387 3154 1558 3245; baseline 0.005 -26"><span class='ocrx_word' id='word_1_208' title='bbox 387 3154 465 3219; x_wconf 91' lang='lat' dir='ltr'><strong>mibi</strong></span> <span class='ocrx_word' id='word_1_209' title='bbox 496 3155 644 3241; x_wconf 89' lang='lat' dir='ltr'><strong>videtur,</strong></span> <span class='ocrx_word' id='word_1_210' title='bbox 677 3179 748 3224; x_wconf 90' lang='lat' dir='ltr'><strong>cnm</strong></span> <span class='ocrx_word' id='word_1_211' title='bbox 780 3159 814 3244; x_wconf 88' lang='lat' dir='ltr'><strong>(l.</strong></span> <span class='ocrx_word' id='word_1_212' title='bbox 837 3161 857 3224; x_wconf 96' lang='lat' dir='ltr'><strong>l.</strong></span> <span class='ocrx_word' id='word_1_213' title='bbox 882 3180 911 3241; x_wconf 93' lang='lat' dir='ltr'><strong>p.</strong></span> <span class='ocrx_word' id='word_1_214' title='bbox 936 3162 992 3245; x_wconf 81' lang='lat'><strong>20)</strong></span> <span class='ocrx_word' id='word_1_215' title='bbox 1022 3160 1137 3226; x_wconf 89' lang='lat' dir='ltr'><strong>scribit</strong></span> <span class='ocrx_word' id='word_1_216' title='bbox 1160 3162 1257 3227; x_wconf 82' lang='lat' dir='ltr'><strong>haee:</strong></span> <span class='ocrx_word' id='word_1_217' title='bbox 1290 3159 1358 3240; x_wconf 93' lang='lat' dir='ltr'><strong>Ipsi</strong></span> <span class='ocrx_word' id='word_1_218' title='bbox 1382 3159 1428 3225; x_wconf 94' lang='lat' dir='ltr'><strong>dii</strong></span> <span class='ocrx_word' id='word_1_219' title='bbox 1451 3160 1558 3227; x_wconf 85' lang='lat' dir='ltr'><strong>Statio</strong></span> 
     </span>
     <span class='ocr_line' id='line_1_25' title="bbox 386 3262 1558 3351; baseline 0.006 -25"><span class='ocrx_word' id='word_1_220' title='bbox 386 3262 565 3330; x_wconf 87' lang='lat' dir='ltr'><strong>maiestatis</strong></span> <span class='ocrx_word' id='word_1_221' title='bbox 588 3266 816 3334; x_wconf 87' lang='lat' dir='ltr'><strong>verecundiam</strong></span> <span class='ocrx_word' id='word_1_222' title='bbox 840 3267 897 3335; x_wconf 89' lang='lat' dir='ltr'><strong>vix</strong></span> <span class='ocrx_word' id='word_1_223' title='bbox 929 3266 1079 3334; x_wconf 87' lang='lat' dir='ltr'><strong>afferunt.</strong></span> <span class='ocrx_word' id='word_1_224' title='bbox 1125 3268 1211 3351; x_wconf 79' lang='lat' dir='ltr'><strong>Quid</strong></span> <span class='ocrx_word' id='word_1_225' title='bbox 1243 3267 1329 3333; x_wconf 92' lang='lat' dir='ltr'><strong>enim</strong></span> <span class='ocrx_word' id='word_1_226' title='bbox 1353 3266 1456 3351; x_wconf 88' lang='lat' dir='ltr'><strong>magis</strong></span> <span class='ocrx_word' id='word_1_227' title='bbox 1479 3266 1558 3333; x_wconf 91' lang='lat' dir='ltr'><strong>ridi·</strong></span> 
     </span>
     <span class='ocr_line' id='line_1_26' title="bbox 384 3370 1557 3457; baseline 0.005 -23"><span class='ocrx_word' id='word_1_228' title='bbox 384 3370 497 3452; x_wconf 89' lang='lat' dir='ltr'><strong>culum,</strong></span> <span class='ocrx_word' id='word_1_229' title='bbox 508 3390 604 3452; x_wconf 89' lang='lat' dir='ltr'><strong>quam</strong></span> <span class='ocrx_word' id='word_1_230' title='bbox 619 3374 771 3452; x_wconf 87' lang='lat' dir='ltr'><strong>querelae</strong></span> <span class='ocrx_word' id='word_1_231' title='bbox 781 3374 932 3440; x_wconf 89' lang='lat' dir='ltr'><strong>Herculis</strong></span> <span class='ocrx_word' id='word_1_232' title='bbox 946 3375 1106 3457; x_wconf 90' lang='lat' dir='ltr'><strong>gementis</strong></span> <span class='ocrx_word' id='word_1_233' title='bbox 1121 3378 1161 3441; x_wconf 90' lang='lat' dir='ltr'><strong>de</strong></span> <span class='ocrx_word' id='word_1_234' title='bbox 1171 3373 1256 3441; x_wconf 94' lang='lat' dir='ltr'><strong>Polli</strong></span> <span class='ocrx_word' id='word_1_235' title='bbox 1271 3373 1414 3441; x_wconf 90' lang='lat' dir='ltr'><strong>avaritia</strong></span> <span class='ocrx_word' id='word_1_236' title='bbox 1430 3373 1557 3440; x_wconf 79' lang='lat' dir='ltr'><strong>etc?—</strong></span> 
     </span>
     <span class='ocr_line' id='line_1_27' title="bbox 386 3476 1557 3565; baseline 0.005 -25"><span class='ocrx_word' id='word_1_237' title='bbox 386 3476 597 3544; x_wconf 86' lang='lat' dir='ltr'><strong>Maniiestum</strong></span> <span class='ocrx_word' id='word_1_238' title='bbox 620 3480 706 3545; x_wconf 88' lang='lat' dir='ltr'><strong>enirn</strong></span> <span class='ocrx_word' id='word_1_239' title='bbox 730 3487 781 3546; x_wconf 90' lang='lat' dir='ltr'><strong>est</strong></span> <span class='ocrx_word' id='word_1_240' title='bbox 803 3481 889 3549; x_wconf 86' lang='lat' dir='ltr'><strong>velle</strong></span> <span class='ocrx_word' id='word_1_241' title='bbox 904 3482 1047 3548; x_wconf 82' lang='lat' dir='ltr'><strong>Statium</strong></span> <span class='ocrx_word' id='word_1_242' title='bbox 1070 3484 1174 3565; x_wconf 88' lang='lat' dir='ltr'><strong>ipsum</strong></span> <span class='ocrx_word' id='word_1_243' title='bbox 1197 3482 1287 3548; x_wconf 88' lang='lat' dir='ltr'><strong>illam</strong></span> <span class='ocrx_word' id='word_1_244' title='bbox 1306 3482 1451 3564; x_wconf 81' lang='lat' dir='ltr'><strong>eclogam</strong></span> <span class='ocrx_word' id='word_1_245' title='bbox 1464 3480 1557 3549; x_wconf 92' lang='lat' dir='ltr'><strong>nobis</strong></span> 
     </span>
     <span class='ocr_line' id='line_1_28' title="bbox 384 3582 1556 3671; baseline 0.007 -25"><span class='ocrx_word' id='word_1_246' title='bbox 384 3582 552 3650; x_wconf 83' lang='lat' dir='ltr'><strong>ridiculam</strong></span> <span class='ocrx_word' id='word_1_247' title='bbox 576 3592 675 3667; x_wconf 90' lang='lat' dir='ltr'><strong>atque</strong></span> <span class='ocrx_word' id='word_1_248' title='bbox 698 3588 839 3654; x_wconf 90' lang='lat' dir='ltr'><strong>iocosam</strong></span> <span class='ocrx_word' id='word_1_249' title='bbox 863 3589 979 3655; x_wconf 78' lang='lat' dir='ltr'><strong>videri.</strong></span> <span class='ocrx_word' id='word_1_250' title='bbox 1015 3590 1078 3655; x_wconf 86' lang='lat' dir='ltr'><strong>Est</strong></span> <span class='ocrx_word' id='word_1_251' title='bbox 1101 3590 1188 3656; x_wconf 88' lang='lat' dir='ltr'><strong>baud</strong></span> <span class='ocrx_word' id='word_1_252' title='bbox 1212 3588 1308 3656; x_wconf 92' lang='lat' dir='ltr'><strong>dubie</strong></span> <span class='ocrx_word' id='word_1_253' title='bbox 1323 3607 1443 3654; x_wconf 91' lang='lat' dir='ltr'><strong>summo</strong></span> <span class='ocrx_word' id='word_1_254' title='bbox 1460 3607 1556 3671; x_wconf 90' lang='lat' dir='ltr'><strong>opere</strong></span> 
     </span>
     <span class='ocr_line' id='line_1_29' title="bbox 385 3689 1557 3780; baseline 0.008 -27"><span class='ocrx_word' id='word_1_255' title='bbox 385 3689 579 3757; x_wconf 88' lang='lat' dir='ltr'><strong>laudandum</strong></span> <span class='ocrx_word' id='word_1_256' title='bbox 602 3733 645 3740; x_wconf 98' lang='lat'><strong>—</strong></span> <span class='ocrx_word' id='word_1_257' title='bbox 669 3702 704 3761; x_wconf 92' lang='lat' dir='ltr'><strong>et</strong></span> <span class='ocrx_word' id='word_1_258' title='bbox 727 3695 847 3777; x_wconf 89' lang='lat' dir='ltr'><strong>optime</strong></span> <span class='ocrx_word' id='word_1_259' title='bbox 871 3697 901 3761; x_wconf 89' lang='lat' dir='ltr'><strong>ei</strong></span> <span class='ocrx_word' id='word_1_260' title='bbox 924 3697 1080 3763; x_wconf 87' lang='lat' dir='ltr'><strong>successit</strong></span> <span class='ocrx_word' id='word_1_261' title='bbox 1103 3735 1156 3780; x_wconf 93' lang='lat'><strong>-,</strong></span> <span class='ocrx_word' id='word_1_262' title='bbox 1180 3699 1265 3777; x_wconf 88' lang='lat' dir='ltr'><strong>quod</strong></span> <span class='ocrx_word' id='word_1_263' title='bbox 1288 3714 1350 3761; x_wconf 91' lang='lat' dir='ltr'><strong>uon</strong></span> <span class='ocrx_word' id='word_1_264' title='bbox 1365 3695 1557 3778; x_wconf 89' lang='lat' dir='ltr'><strong>simpliciter</strong></span> 
     </span>
     <span class='ocr_line' id='line_1_30' title="bbox 384 3798 1556 3886; baseline 0.007 -25"><span class='ocrx_word' id='word_1_265' title='bbox 384 3798 423 3861; x_wconf 88' lang='lat' dir='ltr'><strong>de</strong></span> <span class='ocrx_word' id='word_1_266' title='bbox 446 3798 597 3865; x_wconf 92' lang='lat' dir='ltr'><strong>Herculis</strong></span> <span class='ocrx_word' id='word_1_267' title='bbox 630 3801 749 3883; x_wconf 91' lang='lat' dir='ltr'><strong>templo</strong></span> <span class='ocrx_word' id='word_1_268' title='bbox 782 3804 952 3869; x_wconf 84' lang='lat' dir='ltr'><strong>aedificato</strong></span> <span class='ocrx_word' id='word_1_269' title='bbox 985 3804 1066 3870; x_wconf 85' lang='lat' dir='ltr'><strong>iacit</strong></span> <span class='ocrx_word' id='word_1_270' title='bbox 1088 3806 1209 3884; x_wconf 90' lang='lat' dir='ltr'><strong>verba,</strong></span> <span class='ocrx_word' id='word_1_271' title='bbox 1241 3806 1298 3869; x_wconf 91' lang='lat' dir='ltr'><strong>sed</strong></span> <span class='ocrx_word' id='word_1_272' title='bbox 1330 3810 1556 3886; x_wconf 82' lang='lat' dir='ltr'><strong>argumentum</strong></span> 
     </span>
     <span class='ocr_line' id='line_1_31' title="bbox 385 3899 1556 3994; baseline 0.007 -27"><span class='ocrx_word' id='word_1_273' title='bbox 385 3905 524 3972; x_wconf 91' lang='lat' dir='ltr'><strong>carmine</strong></span> <span class='ocrx_word' id='word_1_274' title='bbox 548 3906 683 3972; x_wconf 90' lang='lat' dir='ltr'><strong>ioculari</strong></span> <span class='ocrx_word' id='word_1_275' title='bbox 708 3910 855 3991; x_wconf 89' lang='lat' dir='ltr'><strong>concipit,</strong></span> <span class='ocrx_word' id='word_1_276' title='bbox 885 3911 1038 3977; x_wconf 88' lang='lat' dir='ltr'><strong>hilariter</strong></span> <span class='ocrx_word' id='word_1_277' title='bbox 1060 3899 1166 3994; x_wconf 83' lang='lat' dir='ltr'><strong>ipsum</strong></span> <span class='ocrx_word' id='word_1_278' title='bbox 1189 3912 1289 3972; x_wconf 78' lang='grc' dir='ltr'><strong><em>αἴτιον</em></strong></span> <span class='ocrx_word' id='word_1_279' title='bbox 1312 3912 1395 3991; x_wconf 92' lang='lat' dir='ltr'><strong>quod</strong></span> <span class='ocrx_word' id='word_1_280' title='bbox 1419 3916 1556 3977; x_wconf 90' lang='lat' dir='ltr'><strong>vocatur</strong></span> 
     </span>
     <span class='ocr_line' id='line_1_32' title="bbox 381 4014 1554 4103; baseline 0.008 -28"><span class='ocrx_word' id='word_1_281' title='bbox 381 4020 505 4095; x_wconf 89' lang='lat' dir='ltr'><strong>narrat,</strong></span> <span class='ocrx_word' id='word_1_282' title='bbox 530 4016 622 4080; x_wconf 92' lang='lat' dir='ltr'><strong>deum</strong></span> <span class='ocrx_word' id='word_1_283' title='bbox 648 4014 765 4080; x_wconf 89' lang='lat' dir='ltr'><strong>comico</strong></span> <span class='ocrx_word' id='word_1_284' title='bbox 790 4036 876 4083; x_wconf 90' lang='lat' dir='ltr'><strong>more</strong></span> <span class='ocrx_word' id='word_1_285' title='bbox 900 4018 1034 4085; x_wconf 91' lang='lat' dir='ltr'><strong>inducit.</strong></span> <span class='ocrx_word' id='word_1_286' title='bbox 1058 4058 1100 4066; x_wconf 88' lang='lat'><strong>—</strong></span> <span class='ocrx_word' id='word_1_287' title='bbox 1125 4020 1228 4103; x_wconf 79' lang='lat' dir='ltr'><strong>Quam</strong></span> <span class='ocrx_word' id='word_1_288' title='bbox 1252 4036 1329 4085; x_wconf 89' lang='lat' dir='ltr'><strong>vero</strong></span> <span class='ocrx_word' id='word_1_289' title='bbox 1353 4025 1450 4100; x_wconf 88' lang='lat' dir='ltr'><strong>poeta</strong></span> <span class='ocrx_word' id='word_1_290' title='bbox 1464 4037 1554 4100; x_wconf 89' lang='lat' dir='ltr'><strong>prae·</strong></span> 
     </span>
     <span class='ocr_line' id='line_1_33' title="bbox 379 4118 1554 4207; baseline 0.008 -25"><span class='ocrx_word' id='word_1_291' title='bbox 379 4118 507 4186; x_wconf 90' lang='lat' dir='ltr'><strong>stiterit</strong></span> <span class='ocrx_word' id='word_1_292' title='bbox 529 4121 708 4188; x_wconf 88' lang='lat' dir='ltr'><strong>sollertiam</strong></span> <span class='ocrx_word' id='word_1_293' title='bbox 731 4123 868 4206; x_wconf 89' lang='lat' dir='ltr'><strong>singulis</strong></span> <span class='ocrx_word' id='word_1_294' title='bbox 891 4127 989 4191; x_wconf 90' lang='lat' dir='ltr'><strong>rebus</strong></span> <span class='ocrx_word' id='word_1_295' title='bbox 1012 4125 1046 4191; x_wconf 93' lang='lat' dir='ltr'><strong>in</strong></span> <span class='ocrx_word' id='word_1_296' title='bbox 1061 4127 1193 4192; x_wconf 91' lang='lat' dir='ltr'><strong>consilio</strong></span> <span class='ocrx_word' id='word_1_297' title='bbox 1208 4126 1383 4191; x_wconf 90' lang='lat' dir='ltr'><strong>obtinendo</strong></span> <span class='ocrx_word' id='word_1_298' title='bbox 1398 4132 1432 4191; x_wconf 93' lang='lat' dir='ltr'><strong>et</strong></span> <span class='ocrx_word' id='word_1_299' title='bbox 1446 4145 1554 4207; x_wconf 92' lang='lat' dir='ltr'><strong>perse·</strong></span> 
     </span>
     <span class='ocr_line' id='line_1_34' title="bbox 379 4217 1554 4318; baseline 0.005 -27"><span class='ocrx_word' id='word_1_300' title='bbox 379 4217 520 4313; x_wconf 81' lang='lat' dir='ltr'><strong>q&#39;uendo,</strong></span> <span class='ocrx_word' id='word_1_301' title='bbox 543 4228 608 4294; x_wconf 87' lang='lat' dir='ltr'><strong>iam</strong></span> <span class='ocrx_word' id='word_1_302' title='bbox 633 4228 812 4315; x_wconf 77' lang='lat' dir='ltr'><strong>Vollmer²)</strong></span> <span class='ocrx_word' id='word_1_303' title='bbox 836 4233 979 4313; x_wconf 90' lang='lat' dir='ltr'><strong>perbene</strong></span> <span class='ocrx_word' id='word_1_304' title='bbox 1003 4234 1207 4318; x_wconf 86' lang='lat' dir='ltr'><strong>monstravit,</strong></span> <span class='ocrx_word' id='word_1_305' title='bbox 1237 4239 1274 4299; x_wconf 91' lang='lat' dir='ltr'><strong>ut</strong></span> <span class='ocrx_word' id='word_1_306' title='bbox 1297 4252 1347 4298; x_wconf 90' lang='lat' dir='ltr'><strong>me</strong></span> <span class='ocrx_word' id='word_1_307' title='bbox 1370 4234 1432 4299; x_wconf 93' lang='lat' dir='ltr'><strong>bac</strong></span> <span class='ocrx_word' id='word_1_308' title='bbox 1455 4235 1494 4298; x_wconf 91' lang='lat' dir='ltr'><strong>de</strong></span> <span class='ocrx_word' id='word_1_309' title='bbox 1518 4252 1554 4297; x_wconf 92' lang='lat' dir='ltr'><strong>re</strong></span> 
     </span>
     <span class='ocr_line' id='line_1_35' title="bbox 379 4332 1553 4421; baseline 0.009 -25"><span class='ocrx_word' id='word_1_310' title='bbox 379 4332 479 4400; x_wconf 91' lang='lat' dir='ltr'><strong>latius</strong></span> <span class='ocrx_word' id='word_1_311' title='bbox 512 4355 611 4419; x_wconf 89' lang='lat' dir='ltr'><strong>agere</strong></span> <span class='ocrx_word' id='word_1_312' title='bbox 643 4357 707 4404; x_wconf 93' lang='lat' dir='ltr'><strong>non</strong></span> <span class='ocrx_word' id='word_1_313' title='bbox 739 4338 784 4404; x_wconf 90' lang='lat' dir='ltr'><strong>sit</strong></span> <span class='ocrx_word' id='word_1_314' title='bbox 817 4357 956 4405; x_wconf 89' lang='lat' dir='ltr'><strong>necesse.</strong></span> <span class='ocrx_word' id='word_1_315' title='bbox 981 4378 1024 4387; x_wconf 93' lang='lat'>—</span> <span class='ocrx_word' id='word_1_316' title='bbox 1048 4341 1130 4405; x_wconf 90' lang='lat' dir='ltr'><strong>Mihi</strong></span> <span class='ocrx_word' id='word_1_317' title='bbox 1155 4341 1282 4421; x_wconf 83' lang='lat' dir='ltr'><strong>quidem</strong></span> <span class='ocrx_word' id='word_1_318' title='bbox 1305 4340 1404 4405; x_wconf 89' lang='lat' dir='ltr'><strong>liceat</strong></span> <span class='ocrx_word' id='word_1_319' title='bbox 1432 4341 1553 4407; x_wconf 90' lang='lat' dir='ltr'><strong>diserte</strong></span> 
     </span>
    </p>
   </div>
   <div class='ocr_carea' id='block_1_6' title="bbox 380 4460 592 4472">
    <p class='ocr_par' dir='ltr' id='par_1_7' title="bbox 380 4460 592 4472">
     <span class='ocr_line' id='line_1_36' title="bbox 380 4460 592 4472; baseline 0.014 -3"><span class='ocrx_word' id='word_1_320' title='bbox 380 4460 592 4472; x_wconf 66' lang='lat' dir='ltr'><strong>v———.-</strong></span> 
     </span>
    </p>
   </div>
   <div class='ocr_carea' id='block_1_7' title="bbox 471 4511 1018 4586">
    <p class='ocr_par' dir='ltr' id='par_1_8' title="bbox 471 4511 1018 4586">
     <span class='ocr_line' id='line_1_37' title="bbox 471 4511 1018 4586; baseline 0.011 -19"><span class='ocrx_word' id='word_1_321' title='bbox 471 4511 492 4580; x_wconf 86' lang='lat'><strong>¹)</strong></span> <span class='ocrx_word' id='word_1_322' title='bbox 511 4514 545 4567; x_wconf 87' lang='lat' dir='ltr'><strong>of.</strong></span> <span class='ocrx_word' id='word_1_323' title='bbox 566 4534 590 4569; x_wconf 89' lang='lat' dir='ltr'><strong>v.</strong></span> <span class='ocrx_word' id='word_1_324' title='bbox 612 4516 663 4570; x_wconf 83' lang='lat'><strong>154</strong></span> <span class='ocrx_word' id='word_1_325' title='bbox 682 4534 722 4584; x_wconf 86' lang='lat' dir='ltr'><strong>sq.</strong></span> <span class='ocrx_word' id='word_1_326' title='bbox 741 4519 770 4570; x_wconf 89' lang='lat' dir='ltr'><strong>et</strong></span> <span class='ocrx_word' id='word_1_327' title='bbox 789 4515 889 4571; x_wconf 89' lang='lat' dir='ltr'><strong>Vollm.</strong></span> <span class='ocrx_word' id='word_1_328' title='bbox 910 4535 936 4586; x_wconf 90' lang='lat' dir='ltr'><strong>p.</strong></span> <span class='ocrx_word' id='word_1_329' title='bbox 956 4519 1018 4573; x_wconf 85' lang='lat'><strong>418.</strong></span> 
     </span>
    </p>
   </div>
   <div class='ocr_carea' id='block_1_8' title="bbox 381 4600 1552 4766">
    <p class='ocr_par' dir='ltr' id='par_1_9' title="bbox 381 4600 1552 4766">
     <span class='ocr_line' id='line_1_38' title="bbox 470 4600 1552 4676; baseline 0.006 -20"><span class='ocrx_word' id='word_1_330' title='bbox 470 4600 492 4671; x_wconf 73' lang='grc'><strong>2)</strong></span> <span class='ocrx_word' id='word_1_331' title='bbox 510 4602 545 4659; x_wconf 84' lang='lat' dir='ltr'><strong>ci.</strong></span> <span class='ocrx_word' id='word_1_332' title='bbox 564 4605 622 4658; x_wconf 88' lang='lat' dir='ltr'><strong>eius</strong></span> <span class='ocrx_word' id='word_1_333' title='bbox 642 4605 695 4661; x_wconf 89' lang='lat' dir='ltr'><strong>viri</strong></span> <span class='ocrx_word' id='word_1_334' title='bbox 714 4606 789 4660; x_wconf 89' lang='lat' dir='ltr'><strong>docti</strong></span> <span class='ocrx_word' id='word_1_335' title='bbox 809 4606 1006 4661; x_wconf 84' lang='lat' dir='ltr'><strong>adnotationes</strong></span> <span class='ocrx_word' id='word_1_336' title='bbox 1027 4606 1112 4662; x_wconf 84' lang='lat' dir='ltr'><strong>veluti</strong></span> <span class='ocrx_word' id='word_1_337' title='bbox 1134 4627 1158 4663; x_wconf 89' lang='lat' dir='ltr'><strong>v.</strong></span> <span class='ocrx_word' id='word_1_338' title='bbox 1178 4609 1221 4676; x_wconf 89' lang='grc'><strong>40,</strong></span> <span class='ocrx_word' id='word_1_339' title='bbox 1245 4610 1288 4676; x_wconf 80' lang='lat' dir='ltr'><strong>tc,</strong></span> <span class='ocrx_word' id='word_1_340' title='bbox 1314 4609 1364 4663; x_wconf 76' lang='lat'><strong>106</strong></span> <span class='ocrx_word' id='word_1_341' title='bbox 1383 4612 1412 4662; x_wconf 86' lang='lat' dir='ltr'><strong>et</strong></span> <span class='ocrx_word' id='word_1_342' title='bbox 1429 4624 1462 4661; x_wconf 86' lang='lat' dir='ltr'><strong>ea</strong></span> <span class='ocrx_word' id='word_1_343' title='bbox 1481 4624 1552 4676; x_wconf 86' lang='lat' dir='ltr'><strong>quae</strong></span> 
     </span>
     <span class='ocr_line' id='line_1_39' title="bbox 381 4694 682 4766; baseline 0.023 -24"><span class='ocrx_word' id='word_1_344' title='bbox 381 4694 557 4759; x_wconf 86' lang='lat' dir='ltr'><strong>praemonuit</strong></span> <span class='ocrx_word' id='word_1_345' title='bbox 575 4715 601 4766; x_wconf 81' lang='lat' dir='ltr'><strong>p</strong></span> <span class='ocrx_word' id='word_1_346' title='bbox 622 4695 682 4749; x_wconf 76' lang='grc'><strong>3811.</strong></span> 
     </span>
    </p>
   </div>
   <div class='ocr_carea' id='block_1_9' title="bbox 0 0 1946 5634">
    <p class='ocr_par' dir='ltr' id='par_1_10' title="bbox 0 0 1946 5634">
     <span class='ocr_line' id='line_1_40' title="bbox 0 0 1946 5634; baseline 0 3"><span class='ocrx_word' id='word_1_347' title='bbox 0 0 1946 5634; x_wconf 95' lang='lat' dir='ltr'><strong> </strong></span> 
     </span>
    </p>
   </div>
  </div>
 </body>
</html>
