3884 5634
868 628 1087 690 -2p..

385 804 542 881 Adrasti,
563 804 733 886 Polynicis
759 812 797 869 11
818 805 926 887 Tydei
948 824 1102 888 sponsas,
1133 804 1168 870 in
1199 806 1370 872 Thebaide
1402 806 1560 871 doecribit

385 914 449 996 (II,
472 913 539 978 230
560 914 637 992 sthi:
1231 995 1234 1000 Ι

547 1020 655 1097 ,Ibant
676 1018 822 1101 insignes
844 1020 1004 1099 vultuque
1027 1020 1205 1100 habitoque
1235 1024 1380 1088 verendo

546 1127 688 1192 candida
699 1144 898 1209 purpureum
910 1126 1006 1192 fusae
1018 1146 1118 1209 super
1137 1147 1198 1193 ora
1210 1129 1366 1209 pudorem

548 1234 770 1313 Deiectaeque
784 1252 907 1316 genas3
929 1234 1036 1299 tacite
1058 1235 1149 1299 subit
1170 1235 1229 1300 illc
1260 1255 1430 1318 supremus

547 1340 758 1423 Virginitatis
780 1360 889 1422 amor,
916 1341 1107 1423 primaeque
1130 1343 1296 1409 modestia
1317 1347 1435 1427 culpae

546 1447 726 1513 Confundit
748 1450 879 1528 rultns3
902 1455 982 1514 tunc
1004 1462 1064 1514 ora
1085 1449 1240 1531 rigantur
1260 1451 1408 1517 honestis

546 1555 717 1636 Imbribus,
739 1563 775 1620 et
797 1574 936 1638 generos
960 1558 1116 1621 lacrimae
1139 1557 1254 1623 iuuere
1268 1562 1448 1641 parentes‘

474 1664 544 1727 Iam
576 1681 751 1745 pergamus
780 1674 818 1729 et
848 1666 892 1728 ad
933 1683 1090 1729 summanr
1120 1665 1324 1731 accedamus
1367 1702 1408 1712 -
1439 1665 1560 1732 Subtili

384 1771 508 1837 iudicio
531 1770 678 1835 Vollmer
709 1790 779 1835 rem
810 1771 927 1854 tetigit
958 1774 1002 1836 ad
1025 1772 1103 1837 silv.
1127 1772 1152 1854 L
1176 1774 1294 1849 1213
1318 1794 1365 1853 sq.
1397 1773 1560 1838 adnotans

328 1953 334 1962 ⁸
385 1898 416 1959 p.
440 1879 507 1944 256
530 1878 629 1942 haec:
652 1877 729 1943 llan
752 1879 891 1945 beachte
914 1878 969 1944 dic
994 1879 1096 1944 durch
1118 1885 1267 1944 ausserst
1289 1880 1483 1963 geschichte
1496 1880 1559 1944 Zu-

385 1992 478 2051 satze
500 2004 704 2069 gewonnene
727 1986 1017 2051 Anschaulicbkeit
1045 1986 1105 2051 der
1128 1986 1332 2069 Verglciche
1378 1988 1425 2054 St
1449 1988 1560 2052 macht

386 2112 445 2158 aus
477 2092 550 2157 dem
581 2092 743 2175 nachten,
784 2094 964 2158 trockenen
998 2092 1180 2159 Gedanken
1211 2132 1256 2141 —
1288 2095 1371 2160 1111
1403 2094 1559 2160 reinvalle

386 2199 613 2275 Situationeu,
636 2206 720 2264 wert
744 2200 846 2265 durch
870 2200 934 2266 den
957 2201 1070 2266 Pinsel
1094 2201 1152 2266 des
1175 2200 1296 2267 Malers
1328 2201 1559 2285 festgehalten

386 2326 426 2373 zu
448 2308 589 2371 werden.
636 2307 675 2372 In
699 2307 806 2372 dieser
827 2308 939 2373 Knust
960 2309 1053 2373 steht
1076 2328 1113 2373 er
1126 2310 1191 2373 den
1209 2310 1419 2392 Augusteern
1440 2310 1560 2393 gleich,

384 2416 420 2497 ja
442 2412 609 2480 ibertrifft
631 2414 680 2478 sie
704 2415 872 2480 teilweise.

477 2520 580 2605 Quam
603 2532 707 2587 artem
741 2527 840 2604 poeta
873 2541 938 2587 non
971 2523 1076 2587 solum
1108 2522 1157 2614 in·
1174 2523 1485 2605 comparationibus,
1517 2524 1559 2588 de

392 2627 504 2708 quibus
525 2629 687 2694 disserere
710 2629 798 2711 nolo,
820 2630 880 2695 scd
903 2629 1004 2695 etiam
1032 2630 1160 2707 omuino
1192 2630 1228 2696 in
1259 2631 1451 2697 narratione
1483 2631 1557 2711 ipsa

387 2742 534 2815 praestat
567 2736 766 2818 saepissime.
803 2774 841 2784 -
874 2738 928 2802 Ita
958 2738 1058 2803 valde
1092 2738 1294 2804 delectamur
1325 2738 1384 2803 illo
1417 2738 1556 2804 iucundo

384 2843 527 2909 carmine
551 2844 642 2925 (Silv.
665 2845 708 2927 IL
732 2844 776 2929 3),
809 2864 872 2925 quo
897 2846 1009 2910 Atedii
1036 2845 1181 2910 Melioris
1217 2845 1368 2911 arborem
1400 2844 1557 2910 describit

383 2959 419 3016 11
440 2951 598 3017 celebrat
620 2990 658 2997 —
680 2952 804 3018 Pholoe
827 2953 970 3035 nympha
984 2971 1069 3032 quae
1083 2952 1176 3017 Pana
1194 2952 1292 3035 fugit,
1321 2952 1411 3018 victa
1434 2953 1557 3035 labore,

381 3059 471 3125 fessa
494 3053 583 3123 metu
607 3061 651 3142 (v.
676 3062 718 3126 16
732 3065 790 3141 sq.)

963 3166 1075 3243 ,flavos
1098 3167 1236 3249 collegit
1258 3169 1397 3231 amictus

555 3275 662 3339 artius
684 3281 720 3339 et
741 3275 860 3341 niveae
882 3274 992 3355 posuit
1014 3293 1050 3339 se
1074 3274 1220 3357 margine
1242 3273 1353 3356 ripae!

382 3400 493 3480 Legas
516 3406 635 3482 autem,
658 3418 786 3481 quaeso,
810 3402 887 3465 illos
911 3406 1089 3466 venustate
1113 3399 1292 3466 affluent-es
1321 3419 1435 3466 versus
1458 3400 1502 3475 Il,
1526 3401 1556 3482 2,

386 3506 572 3588 1008111,
605 3507 722 3587 quibus
750 3515 943 3591 praeterea,
987 3514 1114 3588 quauta
1145 3507 1180 3573 vi
1217 3507 1419 3589 imaginandi
1452 3506 1556 3572 fuerit

309 3605 315 3610 ’
383 3614 520 3696 Statius,
542 3615 668 3696 elucet,
718 3615 779 3680 iarn
800 3635 820 3680 a
842 3616 1009 3680 Vollmero
1033 3628 1078 3698 (p.
1101 3616 1179 3695 350)
1203 3615 1286 3680 satis
1319 3614 1500 3696 explicatos
1523 3624 1557 3679 et

384 3720 597 3787 existimatos.

473 3828 1554 3913 Illamveroartemimagiuandietlepideacvenustepingendicurn

384 3935 417 3999 in
433 3935 552 4001 ceteris
567 3937 763 4003 carminibus
778 3957 841 4003 nou
856 3956 931 4002 raro
947 3946 1014 4001 turn
1029 3938 1062 4001 iu
1077 3936 1259 4001 Achilleide
1274 3936 1413 4017 praebet
1427 3936 1553 4001 eximie.

475 4043 590 4109 Nonne
614 4045 707 4125 quasi
730 4045 790 4109 sub
813 4046 931 4126 oculos,
954 4050 993 4110 ut
1016 4062 1113 4109 uuum
1128 4043 1309 4123 exemplum
1325 4043 1357 4109 in
1370 4042 1555 4108 memoriam

384 4152 546 4232 reducam,
570 4153 663 4217 uobis
686 4152 808 4217 subicit
833 4152 993 4217 Achillem
1007 4150 1039 4235 ¹),
1063 4151 1113 4215 ita
1136 4156 1172 4215 ut
1186 4169 1267 4231 puer
1288 4157 1444 4231 tanquam
1458 4149 1555 4215 rivus

383 4257 456 4337 ipse
479 4259 574 4323 nobis
597 4279 752 4340 praesens
776 4259 872 4341 adsit,
897 4259 946 4323 his
969 4258 1079 4323 verbis
1103 4257 1232 4339 (Achill.
1259 4258 1322 4325 159
1346 4257 1419 4343 sol:

384 4362 596 4376 ι--Δ-υ..

463 4399 481 4466 ¹)
502 4398 552 4452 Vel
567 4399 630 4453 illos
643 4399 717 4454 locos
731 4401 958 4454 commemoratos
969 4396 1189 4468 contemplantes
1203 4396 1392 4470 intellegimus
1402 4396 1554 4452 Claretium

384 4503 440 4540 non
468 4504 578 4556 prorsus
606 4494 680 4543 recte
708 4490 800 4543 dicere
827 4488 894 4559 (1.1.
920 4508 945 4557 p.
966 4490 1029 4558 56),
1058 4504 1189 4557 personas
1216 4505 1285 4556 quas
1314 4505 1329 4542 a
1357 4486 1555 4558 mythologicis

384 4575 487 4629 fabulis
505 4581 635 4647 arcessat,
654 4578 731 4633 nullo
750 4580 832 4633 modo
851 4577 1011 4633 viventibus
1029 4575 1134 4631 similes
1153 4594 1229 4641 ecse;
1249 4577 1342 4645 rerba,
1356 4594 1410 4631 non
1424 4593 1555 4647 personas

384 4664 464 4719 nobis
483 4682 636 4736 proponere
655 4686 726 4723 eum.
