3884 5634
883 560 1083 623 -g-

851 781 854 788 «
964 754 1004 818 11.

396 910 447 990 lla
475 911 629 1010 repulsa
657 910 864 1012 capitolina
892 915 932 994 at
964 914 1011 995 do
1039 913 1150 996 sustu
1180 914 1214 993 ln
1245 908 1406 1013 patriam
1436 912 1570 996 reditu.

483 1088 664 1156 Kerckboff
683 1089 716 1175 (l.
731 1091 752 1154 l.
768 1110 798 1171 p.
813 1092 868 1173 30)
882 1090 916 1156 in
930 1090 1116 1173 Capitolino
1131 1110 1236 1175 agone
1251 1090 1394 1158 Statium
1413 1091 1570 1158 cecidisse

396 1215 480 1263 anno
505 1197 548 1262 94
577 1202 611 1262 et
638 1198 678 1262 ob
712 1215 782 1263 eam
815 1198 971 1279 imprimis
1005 1217 1133 1265 causam
1166 1198 1269 1266 Roma
1300 1217 1466 1282 egressum
1498 1217 1570 1265 esse

395 1303 639 1387 pronuntiavit,
672 1322 769 1384 quam
801 1304 1000 1370 sententiam
1027 1303 1154 1370 Schanz
1167 1302 1190 1392 ¹)
1214 1312 1248 1370 et
1271 1304 1419 1371 Ribbeck
1431 1303 1455 1388 ²)
1479 1325 1570 1371 acce·

396 1416 523 1494 perunt.
569 1410 609 1476 Id
641 1418 750 1477 autem
784 1412 869 1492 quod
902 1418 1001 1491 poeta
1034 1412 1175 1477 carmine
1208 1412 1286 1479 anni
1315 1415 1360 1479 94
1387 1413 1444 1493 ΙΙΙ,
1473 1412 1503 1490 5,
1526 1413 1568 1479 31

363 1502 366 1510 ’
395 1518 532 1602 primum
556 1517 644 1585 illius
660 1518 763 1584 cladis
787 1519 983 1585 mentionem
999 1518 1087 1603 lacit,
1102 1537 1161 1600 per
1175 1539 1210 1585 se
1226 1539 1290 1586 non
1306 1521 1441 1586 multum
1456 1523 1571 1586 valere

395 1627 456 1691 ille
480 1624 650 1691 concessit.
697 1625 792 1709 Quid,
825 1628 911 1707 quod
943 1625 1072 1692 Statius
1103 1626 1138 1692 in
1170 1627 1231 1693 illa
1264 1627 1379 1711 ecloga
1411 1627 1571 1694 victorias

397 1735 543 1800 Albanas
556 1729 579 1815 ³)
603 1751 731 1813 quoque
755 1732 893 1813 primum
910 1732 1164 1800 commemorat?
1201 1735 1324 1818 ,Neque
1339 1753 1419 1801 vero
1443 1734 1571 1800 omnino

397 1841 554 1909 credibile
583 1858 654 1905 esse
677 1838 833 1922 Statium,
865 1839 892 1905 si
920 1840 984 1906 iam
1013 1859 1097 1907 anno
1121 1844 1164 1909 86
1193 1848 1252 1908 aut
1275 1843 1318 1908 90
1342 1841 1515 1908 cecidisset
1537 1842 1571 1907 iu

398 1947 627 2023 commissione,
646 1946 894 2027 quadriennium
913 1946 967 2012 vel
987 1947 1110 2014 diutius
1124 1949 1246 2016 Romae
1265 1968 1450 2017 mansurum
1464 1948 1572 2034 fuisse,

397 2058 528 2123 irrisum
561 2053 687 2120 acerbis
717 2053 847 2119 facetiis
880 2056 1121 2137 malevolorum,
1155 2075 1290 2137 quorum
1319 2055 1445 2122 invidia
1467 2056 1572 2122 neuti-

399 2183 494 2245 quam
527 2160 674 2227 careret‘.
720 2161 830 2243 ,Immo
863 2161 1134 2229 verisimillimum
1158 2162 1274 2248 videri,
1298 2170 1335 2229 ut
1358 2164 1501 2248 Florum,
1523 2164 1572 2230 sic
1622 2212 1625 2218 ·

399 2269 541 2338 Statium
564 2268 645 2334 urbe
669 2267 759 2332 exire
783 2268 962 2349 cupivisse‘.

489 2378 566 2445 Cum
591 2373 799 2441 Kerckhoflio
823 2377 921 2457 plane
953 2375 1076 2441 iaciens
1105 2383 1141 2442 et
1164 2377 1234 2443 eius
1250 2377 1453 2444 'sententiam
1478 2376 1573 2443 novis

400 2483 603 2570 argumentis
628 2482 721 2563 quasi
738 2482 872 2549 fulciam
897 2489 932 2549 et
956 2502 996 2550 ea
1020 2504 1105 2564 quae
1120 2485 1265 2551 Vollmer
1289 2486 1434 2573 (p.19„)
1458 2490 1574 2550 contra

400 2594 489 2676 dicit,
513 2592 673 2659 refellam.

488 2699 528 2766 Id
562 2698 649 2780 quod
688 2698 752 2765 iam
786 2698 965 2765 Kerckboff
998 2699 1120 2780 docuit,
1159 2717 1291 2781 prorsus
1325 2705 1449 2765 certum
1462 2697 1485 2782 ⁴)
1523 2705 1573 2766 est
1631 2708 1634 2712 ’

399 2808 544 2876 Statium
576 2807 701 2872 cladem
734 2805 769 2871 in
795 2805 981 2887 Capitolino
1014 2825 1120 2889 agone
1148 2812 1317 2889 acceptam
1345 2806 1573 2873 molestissime

400 2937 438 2983 ac
476 2913 670 2999 grauissime
711 2915 835 2980 tulisse.
892 2912 980 2980 Satis
1018 2913 1103 2980 enim
1141 2914 1296 2981 dilucide·
1329 2933 1413 2996 quae
1449 2914 1573 2980 sentiat

401 3023 552 3092 enuntiat
574 3027 674 3104 poeta
697 3021 755 3104 III,
779 3023 820 3087 31
845 3040 891 3101 sq.
915 3021 976 3087 hoo
1000 3022 1110 3088 modo:

840 3134 895 3212 ,tu,
920 3149 990 3196 cum
1015 3129 1182 3211 capitolia
1204 3135 1338 3195 nostrae

553 3236 696 3303 infitiata
719 3236 821 3319 lyrae,
845 3255 980 3304 saevum
1003 3238 1234 3320 ingratumque
1259 3237 1392 3302 dolebas

552 3362 674 3409 mecum
698 3344 790 3410 victa
812 3343 956 3423 Jovem3‘

402 3456 593 3539 Quanquam
618 3457 725 3517 autem
751 3451 898 3518 Vollmer
921 3452 966 3538 (p.
990 3450 1067 3539 431)
1101 3457 1192 3517 recte
1216 3453 1384 3517 contendit
1408 3453 1574 3518 vocabulis

402 3581 545 3646 ,saevum
578 3560 808 3643 ingratumque
838 3558 963 3625 Jovem‘
997 3560 1140 3626 Statium
1173 3557 1294 3623 dixisse
1327 3557 1433 3640 ipsum
1457 3559 1574 3626 Jovem

402 3670 458 3751 qui
481 3670 634 3752 ingratus
658 3674 716 3747 est,
749 3668 835 3747 quod
859 3672 989 3749 poetam
1015 3687 1079 3733 non
1103 3657 1223 3733 corona
1247 3663 1357 3730 affecit
1379 3666 1520 3749 gratiam
1545 3669 1574 3733 ei

402 3796 465 3843 non
489 3776 633 3842 referens
657 3795 716 3857 pro
741 3774 883 3840 carmine
907 3793 942 3841 se
967 3775 1163 3853 celebrante,
1196 3792 1259 3838 non
1282 3774 1511 3854 imperatorem
1532 3812 1574 3821 -

402 3885 546 3951 futurum
581 3882 664 3950 enim
697 3883 811 3967 fuisse,
848 3890 886 3949 ut
917 3902 1010 3949 nemo
1043 3902 1108 3949 non
1145 3884 1179 3947 in
1218 3880 1365 3947 ultimum
1402 3881 1574 3947 discrimen

403 3994 629 4074 adduceretur,
662 3990 689 4056 si
713 3992 776 4058 tali
798 3993 890 4058 modo
915 3990 1046 4057 disertis
1069 3989 1179 4059 uerbis
1210 3988 1437 4071 imperatorem
1471 3988 1573 4070 ipsum

404 4097 527 4179 alloqui
560 4116 657 4164 ausus
682 4105 777 4182 esset,
809 4118 868 4181 per
901 4119 937 4166 se
970 4104 1066 4180 patet
1094 4133 1146 4179 —‚
1170 4101 1281 4163 tamen
1310 4115 1350 4161 ex
1373 4095 1442 4161 illis
1466 4093 1575 4183 verbis

404 4225 462 4288 per
477 4206 640 4289 ambages,
655 4210 692 4270 ut
706 4205 756 4271 ita
767 4207 878 4291 dicam,
893 4205 1152 4289 indignationem
1165 4204 1198 4268 in
1214 4210 1387 4286 tyrannum
1404 4201 1575 4283 quandam,

477 4348 497 4415 1)
516 4345 556 4415 ‚a
578 4344 607 4398 u.
627 4343 668 4399 a‘
688 4345 721 4400 n.
741 4364 768 4415 p.
788 4347 849 4401 311.

476 4432 908 4505 bssdmwfflpMS

477 4521 923 4592 θώηωὴωμωη

476 4610 1175 4685 ⁴Mmmfflmmfflfflpdfflmmm
