3884 5634
869 602 1090 666 ...49-

385 778 481 833 fictum
501 778 612 844 tempus
630 773 744 829 omnino
762 774 871 828 nudam
888 775 945 829 iam
964 775 1092 829 veritatis
1109 776 1229 845 speciem
1248 774 1407 840 habuisset,
1426 774 1472 830 vix
1489 774 1560 829 illud

387 864 471 920 fuisse
489 864 628 931 ficturum,
646 860 742 917 nullus
761 862 860 918 dubito
870 904 878 931 ,
897 862 968 931 quin
986 883 1012 919 v.
1031 865 1066 918 29
1085 865 1226 932 ceterique
1245 862 1322 917 illius
1340 862 1397 919 loci
1414 866 1470 919 iam
1489 863 1561 934 prio·

386 953 461 1007 ribus
479 951 652 1022 temporibus
670 951 727 1005 sint
744 952 849 1021 scripti.

475 1044 515 1095 At
537 1057 587 1095 cur
614 1040 728 1095 tandem
756 1057 807 1095 nos
834 1040 967 1094 arbitrari
985 1046 1095 1109 tempus
1118 1059 1143 1094 v.
1163 1044 1198 1096 '29
1227 1039 1297 1095 illud
1325 1040 1438 1096 omnino
1465 1041 1560 1095 fictum

385 1147 497 1186 necesse
514 1130 581 1184 est?
617 1129 742 1184 Vollmer
768 1146 834 1185 vero
861 1129 921 1199 ipse
948 1132 987 1199 (p.
1005 1130 1068 1198 526)
1086 1129 1233 1200 profitetur
1250 1130 1336 1183 haec:
1355 1128 1414 1183 Dio‘
1425 1129 1561 1200 Moglich·

385 1220 454 1288 hait,
473 1218 537 1273 dass
555 1218 605 1273 das
624 1218 745 1273 Gedicht
763 1217 894 1273 wirirlich
906 1219 924 1273 3
937 1218 1052 1271 Monate
1064 1217 1138 1271 nach
1155 1218 1203 1272 des
1215 1218 1314 1273 Vaters
1327 1217 1403 1272 Tude
1415 1218 1561 1288 begonnen

388 1309 500 1363 worden
518 1308 564 1376 ist,
582 1306 652 1361 laest
669 1307 728 1362 sich
747 1307 827 1362 nicht
841 1306 929 1362 durch
941 1307 1063 1361 Beweisc
1076 1306 1251 1377 widerlegen.
1288 1306 1394 1362 Deinde
1406 1324 1474 1361 num
1484 1311 1561 1362 recte

387 1397 408 1450 l.
425 1398 443 1451 i.
469 1397 587 1451 adnotat
609 1395 721 1450 haeai:
750 1396 879 1451 Bedenkt
906 1412 989 1462 man,
1018 1395 1080 1448 dass
1107 1396 1142 1464 ΙΙ,
1164 1399 1187 1464 1,
1206 1399 1240 1461 2;
1261 1394 1293 1464 V,
1314 1398 1338 1464 1,
1359 1396 1410 1461 16,
1428 1396 1462 1463 V,
1480 1398 1507 1459 t,
1525 1399 1561 1451 24

386 1503 468 1542 sverm
486 1484 559 1539 auch
577 1500 694 1554 genaue,
713 1502 743 1539 so
763 1485 834 1539 doch
854 1484 1112 1540 unkontrolierbare
1131 1485 1270 1554 Angabon
1294 1486 1424 1555 gemacht
1442 1485 1560 1554 werden,

386 1592 417 1630 so
435 1574 548 1630 vertiert
566 1573 612 1627 die
630 1573 755 1628 einzelne
772 1573 837 1628 sehr
861 1590 898 1627 an
917 1572 1187 1643 Glaubwitrdigireit
1225 1574 1341 1627 Minime
1363 1573 1506 1644 gentium!
1525 1606 1560 1615 -

388 1664 458 1718 Mihi
476 1662 589 1731 quidem
608 1679 771 1733 persuasum
789 1668 831 1717 est
849 1663 919 1716 illud
938 1665 1048 1732 tempus
1066 1681 1093 1716 v.
1112 1664 1156 1730 29,
1175 1663 1250 1731 quod
1269 1663 1370 1717 utilia
1388 1667 1489 1731 cetera,
1505 1681 1561 1719 non

386 1770 498 1823 prorsus
525 1756 657 1805 accurate
676 1752 782 1806 dictum
802 1768 851 1806 nos
870 1751 1031 1805 existimare
1049 1768 1099 1821 per
1117 1768 1146 1805 se
1163 1755 1253 1822 patet,
1271 1751 1393 1806 Statium
1417 1771 1450 1807 ea
1468 1756 1561 1808 aetate

379 1858 631 1910 commemorasse,
650 1857 707 1909 qua
725 1857 838 1895 carmen
857 1856 1023 1911 componere
1041 1841 1135 1911 coepit
1152 1841 1170 1895 i.
1190 1858 1214 1899 e.
1233 1840 1484 1918 paucis-mensibps
1497 1845 1561 1913 post

387 1932 476 2002 patris
493 1933 619 1984 mortem.
632 1929 652 1997 ¹)
698 1929 816 1984 Etiamsi
835 1930 909 1984 enim
928 1931 1096 1984 sententiam
1115 1930 1251 1985 Vollmeri
1268 1930 1372 2001 probo,
1391 1932 1441 1999 qui
1461 1951 1488 2001 p.
1507 1933 1561 1987 526

387 2020 486 2074 merito
505 2018 613 2073 iudicat
631 2035 687 2073 non
705 2035 763 2073 esse
792 2018 926 2073 utendum
953 2019 1019 2073 locis
1038 2020 1071 2087 ll,
1093 2022 1116 2085 1,
1135 2022 1170 2075 33
1188 2022 1217 2073 et
1234 2020 1281 2088 Ill,
1299 2021 1326 2086 3,
1345 2003 1386 2074 39'
1402 2036 1452 2089 pro
1480 2037 1561 2089 argu·

387 2109 505 2177 mentis,
525 2106 627 2176 quibus
645 2108 698 2164 hoc
728 2124 839 2161 carmen
866 2108 923 2161 iam
951 2107 1123 2178 temporibus
1150 2108 1263 2162 illarum
1290 2108 1450 2179 eclogarum
1477 2109 1561 2163 fuisse

388 2198 542 2267 perfectum
561 2196 773 2260 demonstretur,
792 2199 886 2251 tamen
906 2196 969 2251 illos
989 2198 1025 2250 ad
1045 2214 1157 2251 carmen
1175 2201 1300 2251 nostrum
1323 2214 1382 2251 esse
1404 2198 1561 2252 referendos

385 2303 495 2341 censeo.
514 2317 547 2326 -
566 2289 660 2353 Atque
678 2287 755 2339 nisus
773 2285 823 2339 illo
841 2304 867 2340 v.
887 2287 921 2340 29
946 2289 1161 2342 commemorato
1188 2290 1329 2358 tempore,
1357 2285 1415 2340 illis
1442 2302 1560 2340 comme·

389 2374 589 2431 morationibus
607 2375 752 2429 occasione
771 2374 838 2429 data
857 2374 956 2442 iactis,
980 2376 1134 2443 exquibus
1160 2376 1188 2430 id
1217 2376 1292 2430 haud
1320 2375 1404 2430 dubie
1431 2375 1560 2431 concludi

388 2480 468 2535 posse
485 2464 558 2518 mihi
575 2464 687 2518 videtur
705 2464 829 2518 Statium
847 2468 908 2518 tum
927 2481 1039 2518 carmen
1058 2465 1114 2518 iam
1133 2466 1255 2535 coepisse
1273 2465 1401 2533 scribere,
1420 2481 1453 2518 ex
1470 2481 1504 2518 ea
1521 2481 1559 2532 re,

387 2553 463 2622 quod
482 2571 507 2607 v.
526 2556 578 2608 227
597 2556 627 2607 et
644 2555 698 2609 232
716 2556 846 2623 spectant
863 2554 900 2607 ad
915 2556 1025 2622 tempus
1037 2554 1183 2623 posterius,
1195 2571 1245 2624 pro
1258 2558 1333 2610 certo
1346 2555 1435 2609 habeo
1447 2558 1560 2625 poetam

390 2643 514 2711 eclogam
532 2644 605 2697 hanc
623 2646 733 2697 mature
753 2658 917 2712 componere
927 2641 949 2709 2)
970 2643 1110 2711 coepisse,
1138 2641 1186 2695 sed
1213 2643 1414 2713 pedetemptim
1440 2641 1559 2697 scribere

387 2732 547 2803 perrexisse.
586 2732 625 2786 Ut
652 2737 746 2786 autem
774 2731 832 2785 iam
859 2748 944 2801 supra
973 2731 1111 2800 diximus,
1139 2731 1288 2785 verisimile
1316 2738 1358 2786 est
1384 2734 1421 2786 ad
1449 2747 1559 2786 carmen

387 2821 508 2876 Statium
526 2822 656 2875 ultimam
675 2821 822 2875 admovere
841 2837 953 2875 manum
973 2828 1062 2875 morte
1080 2837 1138 2875 esse
1158 2821 1337 2891 prohibitum.

478 2982 499 3053 1)
518 2981 567 3041 Eo.
587 2982 662 3049 quod
681 3000 705 3036 v.
725 2981 760 3049 V,
778 2982 805 3048 3,
824 2982 859 3035 29
878 2999 933 3048 sq.,
953 2981 1000 3034 ubi
1020 2984 1056 3050 (v.
1075 2982 1121 3051 37)
1149 2982 1205 3035 iam
1233 2981 1341 3052 agellus
1368 2981 1416 3035 ille
1443 2998 1560 3036 comme-

387 3074 530 3138 moratur,
557 3087 639 3140 quem
667 3070 740 3125 dono
769 3086 797 3124 se
825 3071 964 3141 accepisse
992 3069 1071 3125 nullo
1098 3070 1160 3126 loco
1183 3071 1288 3126 Statius
1316 3070 1404 3136 dicit,
1423 3070 1559 3140 prioribus

387 3160 561 3230 temporibus
579 3176 638 3214 esse
656 3158 755 3230 scripti
783 3159 932 3228 videntur,
952 3158 1101 3213 Ribbeckii
1129 3161 1269 3214 sententia
1296 3160 1491 3225 confirmatur,
1510 3158 1559 3227 qui

387 3249 406 3302 l.
426 3247 445 3302 l.
464 3267 491 3319 p.
510 3250 563 3303 212
582 3248 638 3302 iam
656 3249 766 3318 patrem
780 3248 934 3318 possedisse
948 3248 1071 3318 agellum
1084 3248 1224 3302 Albanum
1239 3249 1378 3319 opinatur.
1390 3248 1559 3305 -Ceterum

384 3341 482 3392 errant
500 3337 641 3407 Ruediger
658 3336 688 3407 (l.
707 3337 725 3391 l.
745 3357 774 3406 p.
793 3331 838 3406 33)
857 3341 887 3391 et
904 3336 1059 3391 Kerolrhoff
1074 3336 1311 3409 (Wochenschritt
1329 3339 1374 3392 fiir
1391 3338 1470 3392 class.
1487 3338 1559 3399 Phil,

388 3428 458 3482 1889
477 3446 504 3497 p.
524 3427 595 3497 239),
614 3426 664 3495 qui
683 3426 717 3481 de
736 3428 843 3482 duobus
862 3426 961 3497 agellis
981 3427 1115 3497 cogitant.

477 3516 499 3586 ²)
519 3514 599 3581 Quod
616 3516 745 3571 Ribbeck
771 3517 789 3571 l.
815 3517 833 3570 l.
854 3516 999 3571 contendit
1020 3516 1059 3585 V,
1077 3519 1095 3573 3
1113 3534 1171 3572 esse
1192 3518 1280 3572 Albae
1299 3517 1422 3583 factum,
1440 3517 1559 3571 maxime

388 3606 466 3659 cadit
482 3607 513 3661 in
531 3623 592 3661 eam
611 3610 729 3677 partem,
748 3624 820 3674 quae
840 3625 864 3661 v.
883 3608 920 3662 36
939 3625 980 3675 sq.
1001 3607 1134 3666 continet.
