3884 5634
859 633 1078 696 .-19-

382 811 515 893 saepius
547 810 619 876 usui
652 828 712 875 nec
743 827 806 874 non
839 808 991 875 attulisse
1021 809 1250 878 detrimentum
1273 815 1390 893 poetae
1415 813 1558 879 orationi

382 939 421 986 ac
445 916 587 985 sermoni
611 922 709 997 atque
733 921 913 982 ceterorum
937 915 1025 982 illius
1049 917 1178 984 aetatis.

473 1027 512 1092 Ε.
536 1045 566 1108 g.
590 1026 631 1092 ad
663 1024 805 1090 scholam
837 1022 1043 1090 referendum
1075 1031 1126 1091 est
1150 1026 1236 1091 haud
1260 1026 1357 1093 dubie
1380 1026 1463 1095 illud
1486 1035 1556 1096 stu·

383 1135 491 1215 dium,
524 1151 586 1214 quo
620 1130 747 1197 omnino
779 1130 895 1196 inserit
927 1131 1091 1198 orationes
1122 1131 1225 1198 omnis
1252 1133 1381 1215 generis
1414 1137 1559 1203 homines

386 1242 492 1323 prima
516 1239 643 1321 'quaque
667 1238 832 1305 occasione
855 1238 1025 1322 loquentes
1048 1239 1205 1305 faciendo.

473 1348 549 1414 Etsi
571 1346 722 1412 nimirum
745 1365 846 1424 nemo,
870 1346 924 1426 qui
948 1352 1100 1412 accurate
1120 1366 1191 1412 cum
1210 1347 1318 1414 Silvas
1328 1354 1400 1415 tum
1416 1351 1557 1416 Thebai-

384 1461 457 1523 dem
480 1454 632 1538 perlegit,
647 1491 650 1499 ·
664 1453 829 1519 orationes
862 1473 957 1536 saepe
982 1454 1077 1519 nimis
1100 1456 1214 1537 longas
1236 1460 1272 1521 et
1295 1455 1381 1521 latas
1404 1476 1480 1523 esse·
1499 1477 1559 1524 nec

383 1584 449 1631 non
472 1562 652 1645 superfluas
675 1566 783 1644 neget,
816 1560 932 1641 quibus
965 1561 1255 1628 declamationibus
1278 1562 1416 1630 lectores
1440 1564 1558 1631 defati-

386 1677 504 1755 gentur
531 1669 599 1752 tex
631 1668 731 1735 Silvis
768 1670 988 1734 tantummodo
1027 1668 1159 1735 afferam
1192 1669 1251 1735 illa
1291 1670 1414 1754 frigida
1453 1675 1557 1739 verba

388 1779 530 1862 Sibyllae
572 1796 611 1842 ac
648 1776 745 1858 plena
777 1775 1007 1857 superlationis
1039 1777 1096 1855 IV,
1121 1778 1149 1853 3,
1175 1778 1240 1841 124
1262 1778 1330 1860 sq),
1363 1785 1471 1844 tamen
1504 1780 1557 1848 vel
1665 1792 1671 1804 ⁴

388 1885 525 1952 maxime
558 1884 657 1951 velim
689 1889 803 1949 teneas
827 1885 939 1947 eadem
963 1902 1007 1958 re,
1041 1885 1125 1963 quod
1156 1883 1212 1949 ille
1237 1886 1313 1950 deos
1337 1886 1389 1952 vel
1414 1886 1559 1954 homines

384 1993 470 2075 ipsos
503 1991 585 2058 fecit
617 1990 802 2072 loquentes,
836 1990 1029 2071 praesertim
1061 2009 1132 2055 cum
1164 1990 1234 2057 sine
1268 1991 1363 2060 dubio
1396 2011 1460 2058 non
1483 2014 1559 2060 raro

383 2101 537 2167 sollerter
559 2099 594 2163 in
617 2099 687 2163 loco
710 2098 854 2163 inserere
878 2116 988 2163 eorum
1012 2100 1114 2164 verba
1137 2116 1175 2163 ac
1194 2102 1355 2165 commode
1370 2119 1559 2182 componere

384 2209 478 2292 sciat,
501 2205 723 2273 narrationem
747 2204 850 2286 ipsam
865 2204 1053 2286 saepissime
1068 2204 1212 2271 vividam
1228 2206 1320 2286 quasi
1335 2207 1406 2272 fieri
1429 2214 1464 2274 et
1488 2211 1559 2275 dre·

384 2314 537 2381 maticam
568 2332 672 2395 paene
704 2313 843 2394 speciem
885 2313 1051 2393 praebere.
1106 2312 1266 2395 Exempla
1298 2318 1407 2379 autem
1440 2316 1560 2381 adsunt

387 2421 561 2504 permulta.

480 2526 619 2593 Maxime
641 2547 720 2595 vero
744 2527 777 2592 in
793 2526 892 2594 Silvis
916 2526 997 2592 illud
1020 2527 1203 2593 orationum
1231 2528 1404 2594 artificium
1429 2529 1559 2596 videtur

392 2634 577 2718 probabile,
608 2654 669 2717 quo
702 2642 771 2701 tam
807 2654 904 2717 saepe
937 2634 1138 2718 argumentis
1171 2633 1356 2718 eclogarum
1389 2656 1452 2702 non
1484 2657 1558 2703 raro

388 2741 587 2824 simplicibus
610 2761 649 2809 ac
671 2742 765 2809 siccis
789 2748 886 2825 poeta
909 2742 1027 2808 afferat
1051 2742 1262 2810 vivacitatem
1287 2741 1456 2823 qbandam.

478 2849 591 2917 Veluti
623 2869 729 2916 norme
761 2869 819 2916 nos
852 2849 915 2916 sibi
947 2850 1143 2917 attentiores
1174 2849 1256 2917 facit
1279 2869 1386 2934 earo,
1416 2854 1500 2931 quod
1523 2852 1557 2918 in

386 2958 500 3041 ecloga
523 2958 563 3042 (I,
591 2959 628 3041 l),
662 2977 725 3038 qua
757 2977 873 3038 equum
905 2956 987 3022 illud
1019 2958 1192 3023 maximum
1216 2957 1381 3042 describit,
1410 2958 1558 3025 Curtium

387 3065 491 3147 ipsum
532 3064 751 3146 alloquentem
782 3064 907 3130 inducit
940 3067 981 3146 (v.
1006 3067 1049 3130 74
1072 3068 1132 3150 sq.)
1166 3066 1421 3153 imperatorem„
1453 3066 1486 3131 in
1519 3086 1559 3138 ea

391 3172 456 3257 (IV,
479 3172 524 3257 3),
548 3190 612 3253 qua
635 3172 723 3238 viam
745 3172 974 3253 Domitianam,
997 3172 1102 3255 ipsam
1126 3174 1321 3240 Volturnum
1344 3175 1386 3248 tv.
1411 3173 1453 3238 72
1473 3173 1558 3253 squ?

387 3280 499 3345 Nonne
532 3280 601 3358 hoc,
634 3281 719 3359 quod
747 3280 790 3356 IL
814 3280 843 3362 3,
868 3281 910 3345 23
934 3284 968 3345 et
992 3282 1034 3345 43
1058 3298 1104 3360 sq.
1136 3280 1263 3347 Dianae
1296 3289 1329 3347 et
1353 3280 1454 3347 Panis
1488 3280 1559 3362 ipsa

387 3388 489 3455 verba
521 3386 667 3471 legimus,
699 3388 760 3470 HI,
783 3390 814 3469 4,
838 3388 880 3452 32
905 3392 939 3452 et
964 3389 1028 3454 100
1051 3406 1096 3469 sq.
1130 3388 1201 3470 ipsa
1232 3390 1333 3457 verba
1358 3388 1495 3454 Veneris
1524 3394 1559 3454 et

386 3494 512 3577 Earini,
542 3494 634 3561 nobis
658 3514 711 3561 res
735 3494 827 3576 quasi
850 3494 1091 3576 praesentiores
1114 3495 1293 3562 videntur?
1338 3496 1450 3561 Nonne
1475 3498 1558 3576 quod

386 3622 452 3668 non
484 3603 586 3668 solum
599 3607 773 3682 'narratur
807 3603 986 3668 sedetiam
1010 3622 1112 3684 paene
1137 3604 1256 3687 agitur,
1288 3608 1359 3669 tote
1391 3602 1558 3686 expositio,

389 3716 427 3776 ut
450 3709 500 3776 ita
523 3710 635 3793 dicam,
659 3710 821 3775 etiicacior
844 3710 906 3775 fit?
931 3748 973 3756 -
998 3710 1140 3776 Similem
1158 3710 1192 3775 in
1208 3713 1333 3776 modum
1349 3710 1475 3775 Statius
1490 3710 1558 3791 ipse

386 3816 492 3885 veluti
525 3835 579 3883 eos
621 3820 662 3883 ad
699 3836 778 3897 quos
812 3818 956 3883 carmina
987 3817 1109 3901 mittit,
1142 3817 1262 3898 alloqui
1294 3816 1395 3896 solet,
1412 3804 1491 3897 'qua
1523 3836 1558 3882 re

387 3924 609 3990 narrationem
632 3924 748 3991 variet.
777 3962 814 3972 —
1473 3944 1475 3948 ’

478 4031 589 4114 Quid?
626 4032 673 4098 Ut
696 4031 764 4097 ludi
788 4032 943 4098 rhetorici
968 4033 1115 4097 alumnus
1130 4033 1240 4099 verbis
1264 4033 1377 4099 crebro
1391 4031 1558 4097 immodice

386 4139 436 4205 uti
469 4146 504 4206 et
535 4140 628 4219 quasi
659 4158 779 4221 augere
812 4158 966 4220 perquam
999 4139 1104 4206 voluit
1135 4140 1169 4205 id
1201 4146 1369 4222 spectem,
1402 4144 1556 4219 utquam

388 4246 631 4313 accuratissime
665 4246 860 4329 loqueretur,
894 4265 988 4326 quam
1013 4248 1190 4313 clarissime
1214 4245 1359 4330 singulas
1382 4266 1434 4312 res
1457 4247 1557 4330 signi-

386 4354 500 4421 ficaret
523 4362 558 4421 et
581 4360 734 4435 tanquam
758 4354 909 4437 pingeret
928 4355 1070 4421 dicendo.
1097 4392 1136 4402 —
1161 4355 1258 4419 Haud
1281 4354 1378 4420 dubie
1402 4374 1557 4437 saepenu-

387 4481 473 4527 mero
498 4480 594 4529 veras
617 4462 672 4529 ille
696 4462 806 4529 reddit
828 4461 995 4546 imagines.
1029 4462 1141 4530 Veluti
1163 4480 1227 4527 non
1247 4461 1350 4526 solum
1365 4461 1558 4528 Volturnum

387 4571 484 4652 plane
507 4570 629 4655 videre,
652 4573 708 4637 sed
732 4571 832 4637 etiam
851 4571 955 4653 ipsum
969 4571 1154 4652 loquentem
1168 4569 1282 4635 audire
1296 4569 1389 4635 nobis
1404 4568 1558 4636 videntur

386 4678 534 4762 legentes
557 4678 614 4757 1v,
638 4680 668 4763 3,
691 4681 733 4744 67
758 4698 803 4759 sq.
827 4679 925 4744 haec:

1249 4755 1251 4759 ,
1365 4734 1421 4835 2*-
