3884 5634
839 588 1060 652 -47-

357 763 449 820 verbis
466 763 534 818 talia
550 763 693 818 indicatur
711 761 859 833 oppositio.
896 761 994 817 Nonne
1013 762 1082 817 satis
1110 762 1277 833 simpliciter
1306 780 1356 834 per
1382 780 1412 818 se
1439 764 1533 819 adver·

359 854 453 922 sarius,
472 869 554 922 quern
574 869 658 923 supra
676 851 750 906 dixit
767 853 860 921 poeta,
879 852 1057 922 opponitur?
1096 852 1249 907 Audiamus
1263 856 1358 908 autam
1377 853 1454 908 illius
1472 854 1535 924 ipsa

358 943 459 1009 verba,
473 958 551 1016 ¹quaa
569 942 640 997 facit
656 942 687 996 in
711 943 830 997 meante
854 940 1045 1011 praefatione:
1074 941 1136 996 Non
1164 941 1246 1012 plura
1274 943 1373 1011 loquar
1401 960 1484 1011 quam
1504 947 1534 998 in

355 1032 496 1104 prioribus
513 1031 602 1087 libris.
639 1030 683 1099 Ei,
701 1031 751 1101 qui
769 1047 813 1085 me
831 1030 1077 1101 reprehenderunt,
1097 1031 1172 1099 quod
1191 1032 1244 1086 hoc
1275 1033 1335 1087 stili
1362 1049 1450 1103 genus
1477 1034 1533 1088 edi·

355 1122 468 1189 diesem,
487 1121 528 1176 nil
548 1123 673 1192 egerunt.
692 1122 819 1175 Getarum
834 1136 1070 1190 supervacaneum
1084 1123 1127 1175 est
1140 1121 1299 1177 dissuadere
1311 1140 1370 1177 ram
1382 1122 1488 1177 factum
1499 1155 1533 1165 -

257 1267 260 1272 ,
356 1227 390 1265 eo
408 1210 515 1281 magis,
538 1210 614 1280 quod
640 1209 777 1265 nonnulla
804 1209 930 1264 carmina
958 1209 1014 1263 iam
1042 1216 1107 1263 suut
1134 1210 1241 1265 tradita
1270 1211 1390 1267 Caesari.
1427 1212 1534 1267 Deinde

358 1300 468 1355 etiamsi
485 1315 621 1368 ,exercere
633 1298 695 1355 ioco
709 1298 881 1355 hauddubie
895 1299 970 1353 licet‘
987 1299 1111 1367 inquam,
1125 1299 1300 1355 adversarius
1313 1301 1411 1369 utique
1424 1302 1533 1371 aliquid

358 1390 533 1445 contradicit.
571 1388 742 1444 Novissime:
773 1388 796 1443 si
816 1388 878 1456 quis
897 1405 930 1442 ex
954 1388 1022 1443 meis
1042 1388 1150 1456 aliquid
1169 1388 1262 1458 leget,
1291 1391 1340 1458 qui
1368 1391 1396 1445 in
1425 1407 1469 1445 me
1496 1393 1534 1445 sit

350 1471 465 1534 infenso
483 1479 585 1542 auimo,
604 1478 719 1546 invitus,
737 1479 833 1533 statim
852 1496 881 1532 se
899 1480 1064 1548 profitaetur
1084 1509 1116 1517 -
1137 1495 1222 1546 quam
1236 1481 1384 1534 lectionem
1399 1482 1539 1536 traditam-

356 1586 420 1623 cum
433 1568 670 1644 Klotzioeditore
688 1569 823 1623 retineam
842 1598 871 1607 -
895 1568 1051 1622 adversum.
1080 1568 1118 1622 At
1137 1568 1178 1621 ita
1196 1569 1238 1621 nil
1257 1570 1366 1637 mirum,
1386 1572 1461 1639 quod
1480 1588 1533 1642 ego

355 1659 415 1712 eius
427 1658 573 1713 consilium
587 1658 743 1728 neglegam.
779 1658 811 1713 In
825 1674 978 1711 summam:
995 1673 1047 1727 ego
1060 1674 1129 1725 eum,
1144 1657 1193 1724 qui
1207 1658 1345 1725 traducor,
1359 1659 1534 1716 adversarius

355 1751 457 1813 taceat,
475 1748 494 1802 i.
514 1765 538 1805 e.
557 1765 601 1802 me
620 1764 718 1818 urgere
738 1747 852 1802 taudem
870 1746 924 1800 hac
944 1747 978 1799 de
997 1762 1026 1799 re
1046 1745 1173 1812 desinat,
1192 1750 1221 1800 et
1241 1748 1372 1817 gaudeat.
1387 1750 1533 1818 —ltaque

356 1838 482 1893 videmus
502 1837 669 1892 sententiam
690 1836 804 1890 minime
822 1838 898 1890 recto
917 1838 991 1889 stare
1010 1834 1068 1888 talo
1088 1836 1245 1890 mutatione
1256 1836 1386 1892 Karsteni
1404 1839 1532 1907 probata,

358 1926 407 1995 qui
416 1927 513 1981 scribit
522 1924 933 1994 ,faciatt-lamveniamusad
943 1923 1222 1994 ipsumpraefationia
1232 1926 1322 1982 finem.
1343 1927 1531 1996 Mihiquidem

358 2015 467 2071 videtur
477 2015 600 2070 Vollmer
619 2032 672 2070 acu
691 2032 749 2069 rem
758 2014 892 2085 tetigisse,
912 2029 1117 2067 cumsauenon
1134 2014 1226 2068 minus
1245 2016 1473 2085 audacterquam
1492 2018 1533 2071 iu·

354 2106 467 2175 geniose
494 2106 580 2160 verba
607 2105 713 2160 tradita
730 2120 802 2173 quae
821 2120 870 2173 per
888 2119 917 2157 se
945 2102 1088 2157 nonsatis
1117 2102 1322 2173 intelleguntur
1341 2122 1375 2160 ne
1395 2107 1533 2179 Madvigii

355 2194 470 2262 quidem
497 2198 582 2263 atque
601 2195 731 2250 Karstani
750 2193 990 2264 interpretatione,
1006 2193 1180 2262 transposuit
1197 2192 1245 2260 ita,
1270 2197 1302 2248 ut
1315 2198 1379 2264 post
1393 2198 1532 2266 ,gaudeat‘

357 2284 494 2353 legamus:
511 2284 583 2352 ,Sed,
598 2284 621 2337 si
637 2284 755 2352 videtur,
773 2284 916 2338 hactenus.
945 2283 1021 2347 Quae
1042 2282 1161 2349 denique
1180 2284 1323 2338 commode
1335 2285 1417 2339 addit
1427 2285 1533 2341 Statius

356 2372 466 2428 consilii
484 2373 691 2442 tranquillitate
710 2374 833 2443 quadam
851 2390 903 2427 nec
930 2391 985 2428 non
1005 2372 1244 2428 assentatiuncula
1264 2373 1391 2428 Marcelli
1411 2376 1529 2441 urbana,

356 2461 471 2518 minime
491 2466 648 2533 repugnant
666 2463 720 2518 toti
731 2464 932 2519 sententiarum
944 2449 1062 2518 conexui
1081 2462 1266 2532 praefationis
1280 2464 1424 2518 exeuntis:
1445 2465 1532 2533 ,Hunc

356 2554 452 2605 tamen
470 2552 591 2621 librum‘,
604 2584 638 2593 -
658 2553 788 2609 utveluti
802 2554 920 2607 alterum
932 2552 1031 2607 Melior
1050 2583 1084 2593 -
1103 2554 1144 2618 tu,
1164 2550 1304 2618 Marcelle,
1323 2552 1471 2618 defendas;
1490 2555 1533 2609 sin

356 2641 456 2711 miuus,
476 2642 716 2713 reprehendemur,
736 2642 806 2698 Vale
816 2643 831 2695 l‘

802 2807 855 2873 Da
878 2804 965 2874 silv.
991 2805 1031 2884 V,
1054 2804 1086 2873 3.

426 2948 496 3004 Gum
516 2947 651 3013 Vollmeri
663 2950 682 3019 ¹)
711 2948 877 3003 sententiam
906 2946 1021 3000 admitti
1048 2945 1134 2998 nolim
1146 2986 1153 3013 ,
1182 2960 1253 3012 quae
1273 2944 1307 2998 de
1326 2948 1450 3015 tempore
1475 2963 1532 3001 car·

355 3038 440 3091 minis
459 3038 493 3107 V,
512 3040 529 3093 3
548 3055 565 3092 a
584 3042 739 3093 ceterorum
752 3039 771 3107 ¹)
791 3037 948 3105 discrepat,
968 3035 1059 3088 denuo
1078 3033 1206 3101 quaestio
1225 3033 1295 3086 mihi
1315 3037 1357 3088 est
1375 3037 1532 3090 tractanda.

353 3125 404 3179 Ille
423 3127 490 3180 edit.
510 3147 537 3199 p.
557 3130 604 3199 910
623 3129 741 3183 adnotat
761 3128 848 3181 haec:
875 3124 1002 3179 Wollten
1031 3124 1081 3177 wir
1100 3123 1147 3176 des
1166 3122 1296 3177 Dichters
1315 3122 1412 3177 Worta
1441 3141 1531 3195 genau

354 3216 472 3270 nahmen
492 3218 580 3286 (aaa,
593 3219 755 3288 ara-233),
774 3234 804 3272 so
824 3218 945 3269 mdesten
965 3215 1016 3267 wir
1035 3213 1111 3267 diese
1129 3212 1230 3266 beiden
1249 3213 1353 3267 let-ztan
1374 3211 1530 3283 lireignisse

355 3305 422 3375 (scil.
441 3322 558 3375 agonem
579 3306 720 3361 Albanum
739 3310 768 3360 et
786 3304 988 3376 Capitolinum)
1016 3302 1046 3356 iu
1065 3303 1110 3356 die
1128 3304 1219 3357 ersten
1246 3301 1306 3356 drei
1325 3302 1437 3356 Monate
1457 3304 1527 3358 uach

351 3394 413 3448 dem
433 3394 509 3449 Tude
528 3395 575 3450 des
594 3396 693 3450 Vaters
718 3398 809 3449 setzen
820 3417 827 3458 ;
856 3396 930 3447 deun
949 3393 1024 3447 dicae
1043 3392 1103 3446 Zeit
1121 3391 1234 3462 fingiert
1252 3391 1290 3445 St.
1310 3410 1335 3446 v.
1355 3393 1389 3446 29
1409 3391 1450 3445 als
1469 3393 1528 3447 'deit

353 3483 587 3556 derAbtassung.
626 3484 715 3550 Quam
735 3485 894 3555 opinionem
914 3499 970 3537 uon
992 3482 1081 3536 solum
1100 3499 1150 3551 per
1169 3497 1197 3534 se
1211 3481 1295 3551 plano
1314 3496 1369 3535 non
1388 3497 1446 3535 esse
1459 3483 1527 3536 veri·

353 3563 490 3643 similem,
518 3578 551 3629 ut
568 3575 618 3628 ille
638 3574 716 3642 vult,
744 3574 896 3629 sedetiam
924 3571 1037 3626 omniuo
1065 3587 1120 3623 non
1148 3570 1306 3624 habendam
1331 3569 1373 3624 vel
1394 3587 1527 3625 creare

356 3659 545 3732 intellegitur,
563 3664 648 3732 'quod
667 3666 695 3718 et
715 3680 787 3734 agon
806 3660 1014 3732 Capitolinusll
1042 3660 1154 3714 demum
1172 3676 1246 3713 anno
1264 3661 1300 3714 86
1319 3662 1361 3713 est
1379 3660 1527 3715 institutus

354 3752 382 3803 et
401 3754 554 3821 paleriam
573 3770 595 3807 c.
615 3770 640 3808 a.
659 3752 774 3824 80t81³l
802 3752 874 3807 obiit
892 3751 966 3805 diem
994 3767 1160 3819 supremum.
1199 3748 1290 3813 Quare
1309 3749 1384 3816 quod
1403 3749 1527 3804 Vollmer

352 3838 424 3894 illud
442 3859 467 3896 v.
482 3844 516 3897 29
536 3846 645 3913 tempus
664 3842 816 3897 secundum
836 3843 987 3912 praecepta
1005 3838 1145 3892 rhetorica
1163 3853 1221 3891 esee
1240 3838 1335 3892 fictum
1355 3838 1422 3906 edit,
1442 3857 1469 3909 p.
1482 3843 1527 3909 tim

424 4094 444 4162 ¹)
463 4049 565 4148 Vollm.
585 4093 637 4150 Rh.
656 4094 726 4148 Mus.
747 4093 798 4158 LI,
817 4111 843 4161 p.
863 4095 906 4148 lo.
944 4089 1041 4143 lmhof.
1061 4087 1112 4141 ecl.
1132 4088 1167 4140 ad
1187 4105 1231 4143 ux.
1252 4105 1278 4157 p.
1300 4088 1341 4141 17.
1377 4084 1449 4140 Nohl
1469 4086 1486 4141 l.
1507 4087 1524 4143 l.

351 4201 377 4252 p.
399 4184 434 4239 20
452 4201 492 4251 aq.
530 4182 907 4251 Kercuh0st1.1.p.22sq.
945 4179 1036 4233 Klotz.
1068 4176 1139 4230 Dies.
1158 4196 1185 4247 p.
1205 4179 1238 4230 61
1250 4193 1289 4243 sq.
1319 4176 1381 4228 Leo.
1402 4173 1523 4229 Plautia.

349 4271 460 4330 Forsch.
478 4292 505 4343 p.
525 4276 569 4328 42.
1009 4285 1013 4291 ·

422 4360 443 4431 ²)
462 4362 496 4417 ct'.
517 4363 619 4417 Fricdl.
639 4361 657 4417 l.
676 4362 695 4418 l.
715 4362 766 4417 ΙΙΙ5
793 4379 820 4430 p.
841 4362 893 4415 379
912 4363 942 4413 et
960 4358 1035 4413 Gsell
1054 4356 1074 4411 l.
1093 4356 1110 4410 l.
1130 4375 1157 4426 p.
1178 4357 1237 4411 123.

422 4449 443 4520 ³)
463 4451 498 4506 cf.
522 4452 624 4507 Vollm.
652 4452 719 4506 edit.
748 4471 775 4521 p.
801 4452 853 4520 163.
899 4449 1059 4503 Perversam
1091 4445 1258 4499 sententiam
1287 4443 1394 4512 protert
1424 4444 1523 4497 (lurcio

348 4545 369 4599 I.
387 4542 406 4598 l.
425 4562 453 4613 p.
473 4545 506 4599 17
525 4561 565 4612 sq.
