3884 5634
894 908 1044 1013 Vita.

470 1122 559 1176 Natus
581 1139 642 1175 sum
666 1122 766 1177 Bernh,
786 1118 894 1174 Walter
915 1119 1012 1174 Haste]
1037 1118 1158 1172 Dresdae
1182 1117 1557 1173 a.1876dieliV.mensis

380 1212 447 1266 Dec.
466 1214 546 1281 patre
565 1209 705 1265 Friderico
724 1209 843 1276 Bernh.‚
871 1225 954 1276 quem
973 1209 1152 1278 praematura
1170 1209 1258 1260 morte
1277 1207 1347 1260 mihi
1365 1224 1391 1261 a.
1414 1208 1481 1262 1887
1499 1224 1557 1262 esse

382 1302 530 1370 abreptum
546 1297 628 1352 valde
647 1298 744 1367 doleo,
764 1302 852 1351 matre
870 1298 975 1353 Bertha
993 1313 1008 1351 e
1027 1300 1111 1367 gente
1128 1296 1322 1365 Bimstengel‚
1341 1314 1426 1364 quam
1450 1300 1556 1351 salvam
1612 1341 1615 1348 .

382 1390 453 1442 mihi
470 1404 529 1442 esse
547 1387 637 1441 laeter
655 1387 827 1457 gaudeoque.
864 1386 943 1440 Fidei
962 1386 1092 1440 addictus
1111 1402 1171 1439 sum
1191 1384 1377 1454 evangelicae.

471 1477 640 1531 Litterarum
668 1476 833 1530 rudimentis
865 1476 990 1530 imbutus
1017 1493 1077 1529 sum
1114 1474 1192 1542 regio
1228 1476 1373 1545 gymnasio
1402 1475 1556 1543 Dresdensi,

383 1566 458 1634 quod
476 1566 556 1619 floret
573 1566 680 1619 rectore
698 1563 870 1619 Wohlrabio.
908 1564 1051 1619 Norennio
1070 1563 1187 1618 solemni
1211 1563 1339 1617 absoluto
1364 1580 1426 1617 vere
1445 1580 1469 1617 a,
1489 1564 1516 1617 h.
1536 1583 1556 1617 s.

383 1656 418 1710 96
436 1652 608 1708 maturitatis
626 1652 817 1707 testimonium
836 1654 956 1724 adeptus
975 1653 1098 1722 Lipsiam
1113 1670 1157 1706 me
1172 1653 1286 1706 contuli.
1315 1653 1356 1707 lbi
1371 1654 1399 1706 in
1413 1670 1557 1706 numerum

383 1744 485 1798 civium
504 1741 665 1797 academiae
689 1743 861 1796 referendum
881 1758 925 1795 me
944 1743 1040 1796 curavi
1059 1747 1088 1794 et
1107 1741 1286 1811 philologieis
1315 1743 1416 1794 studiis
1445 1759 1556 1811 operam

384 1833 492 1888 navam.

472 1922 632 1978 Doeuerunt
650 1940 694 1977 me
712 1922 766 1976 riri
785 1919 982 1975 illustrissimi:
1014 1920 1048 1974 de
1068 1919 1186 1988 Bahder,
1206 1919 1384 1988 Brugmann,
1404 1920 1557 1985 Cicirrius,

383 2010 501 2072 Heinze,
521 2011 669 2080 Immiseh‚
698 2011 882 2081 Lamprecht,
911 2009 1040 2079 Lipsius,
1059 2010 1190 2076 Marclrs,
1211 2009 1344 2075 llartini,
1373 2009 1492 2064 Pilclrert
1510 2013 1557 2081 (†),

382 2099 509 2153 Ribbeck
527 2100 574 2169 (†),
593 2099 715 2167 Richter,
734 2099 891 2167 Sch'neider,
905 2096 1058 2166 Schreiber,
1073 2098 1188 2165 Sievers,
1204 2097 1396 2165 Waehsmuth,
1410 2097 1556 2168 Weigand,

384 2187 500 2241 Wundt.
1174 2250 1180 2261 .

474 2276 541 2331 Cum
560 2278 616 2332 dno
644 2294 694 2347 per
720 2278 863 2331 semestris
894 2278 1087 2347 proseminarii
1116 2276 1282 2347 philologici
1310 2277 1556 2331 exercitationibus

386 2364 541 2419 Immisehio
559 2366 630 2419 duce
648 2364 834 2420 interfuissem
853 2369 938 2433 atque
966 2381 1016 2435 per
1042 2382 1089 2418 sex
1118 2382 1222 2419 menses
1250 2366 1381 2430 senioris,
1410 2370 1441 2417 ut
1469 2367 1556 2432 aiunt,

386 2470 497 2508 munere
514 2455 627 2509 functus
646 2472 740 2522 essem,
759 2456 789 2507 in
808 2455 948 2525 egregiam
968 2454 1109 2507 seminarii
1136 2455 1305 2524 palaestram
1333 2459 1460 2523 receptus
1488 2473 1556 2523 sum,

386 2559 469 2610 quam
487 2543 603 2614 Lipsius,
622 2542 757 2613 Ribbeck,
774 2543 956 2598 Waehsmuth
975 2544 1118 2614 regebant,
1131 2550 1160 2597 et
1173 2560 1223 2613 per
1236 2545 1292 2597 trie
1306 2545 1449 2596 semestria
1464 2545 1557 2597 officia

387 2631 489 2686 sodalis
515 2632 650 2687 ordinarii
677 2632 814 2703 praestiti.
860 2633 904 2686 Ad
932 2634 1096 2687 societatem
1135 2632 1334 2702 philologio-am
1365 2634 1484 2701 benigno
1514 2650 1556 2684 me

385 2719 497 2775 admisit
515 2720 641 2775 Ribbeck
659 2737 710 2789 per
728 2726 860 2790 quattuor
878 2723 1031 2776 semestria.

454 2809 662 2864 Wachsmuthii
690 2810 823 2879 auspiciis
847 2811 995 2866 seminario
1023 2812 1156 2864 historico
1184 2828 1257 2863 nune
1286 2810 1398 2862 tertium
1427 2815 1556 2863 semestre

383 2900 549 2953 adnumeror
567 2901 597 2952 et
614 2899 756 2952 societatis
785 2900 933 2955 historicae
952 2901 1074 2954 (licherii
1103 2917 1176 2953 nunc
1204 2906 1311 2951 sertum
1340 2907 1469 2952 semestre
1497 2918 1557 2952 sum

383 2990 482 3044 socius.
518 2988 665 3041 Praeterea
683 2989 798 3041 comiter
817 2989 924 3042 aditum
946 2990 1014 3042 mihi
1033 2990 1169 3059 patefecit
1183 2989 1333 3041 Schneider
1346 2990 1381 3040 ad
1395 2991 1555 3041 societ-atem

383 3077 693 3147 archaeologieamper
713 3076 821 3131 bissex
846 3095 958 3132 menses.
996 3080 1028 3131 In
1056 3078 1277 3146 paedagogicum
1307 3078 1484 3130 seminarium
1514 3095 1557 3132 me

382 3167 490 3237 recepit
507 3166 623 3220 Richter
640 3167 766 3237 proximo
785 3167 919 3220 semestri.
957 3167 1083 3235 Denique
1102 3182 1151 3237 per
1170 3171 1300 3220 semestre
1328 3169 1449 3235 spatium
1480 3169 1557 3220 semi-

384 3255 463 3309 nario
481 3253 681 3325 francogallieo
700 3256 862 3309 moderante
880 3256 1049 3325 Weigandio
1068 3274 1141 3310 eram
1162 3257 1325 3325 adscriptus.

474 3344 617 3413 Omnibus,
636 3344 684 3412 qui
704 3361 747 3397 me
766 3345 928 3413 docuerunt,
948 3350 976 3398 et
994 3346 1133 3415 gymnasii
1152 3350 1181 3399 et
1193 3346 1382 3401 universitatis
1398 3350 1557 3415 praecepto-

383 3432 461 3486 ribus
478 3433 600 3503 gratiam
617 3433 707 3487 habeo
726 3434 883 3501 maximam,
902 3434 1043 3504 imprimis,
1054 3440 1147 3489 autem
1162 3452 1223 3488 cum
1238 3435 1373 3499 Ciclrorio,
1388 3435 1556 3504 immisehio,

385 3522 487 3591 Lipsi0,
505 3525 566 3576 tum
586 3522 798 3576 Wachsmuthio
817 3522 904 3575 iustas
924 3540 956 3575 ao
976 3524 1085 3578 debitas
1104 3542 1158 3593 age
1171 3525 1276 3594 gratias
1290 3541 1452 3593 semperque
1466 3541 1555 3593 agam,

388 3609 437 3676 qui
453 3611 523 3665 mira
540 3611 671 3666 adversus
690 3628 733 3664 me
752 3611 928 3681 benignitate
947 3613 1042 3666 studia
1060 3630 1122 3666 mea
1140 3613 1258 3666 adiuvit.

476 3699 624 3755 Ribbeckii
643 3718 707 3755 vero
725 3700 904 3769 memoriam,
933 3702 1011 3755 euius
1031 3701 1150 3754 famulus
1169 3718 1244 3754 eram
1272 3704 1299 3755 et
1328 3703 1375 3769 qui
1404 3702 1557 3755 studiorum

386 3803 508 3842 meorum
527 3789 621 3844 fautor
648 3792 776 3859 egregius
804 3806 855 3843 nec
883 3807 937 3843 non
967 3791 1037 3843 mihi
1066 3793 1146 3858 patre
1175 3789 1272 3843 orbato
1301 3792 1447 3844 exstiterat
1477 3793 1557 3857 quasi

386 3876 456 3931 alter
473 3881 561 3948 pater,
580 3896 688 3949 semper
706 3882 787 3948 grato
802 3879 894 3931 animo
913 3894 946 3932 ac
965 3879 1015 3948 pia
1033 3879 1188 3932 reverentia
1200 3878 1299 3931 fovebo
1314 3883 1400 3945 atque
1414 3878 1512 3933 colam.
1524 3910 1556 3918 -

473 3966 600 4035 Denique
627 3984 772 4035 nunquam
800 3968 948 4020 obliviscar
985 3967 1192 4036 philologorum
1230 3967 1358 4020 sodalicii
1395 3966 1557 4035 academici,

385 4055 463 4109 cuius
482 4072 532 4125 per
550 4058 682 4123 quattuor
700 4072 787 4109 annos
806 4056 909 4109 sodalis
929 4072 1007 4109 caros
1025 4055 1094 4108 mihi
1115 4055 1264 4120 conciliari
1283 4056 1395 4109 amicos.
