3884 5634
879 599 1099 663 ..10-

396 779 477 857 1v‚1
502 777 671 861 pertineat
694 776 736 841 ad
761 776 832 841 Kal.
860 776 936 841 Jan.
959 794 987 840 a.
1007 775 1059 848 95,
1083 775 1171 854 IV,3
1204 772 1387 840 conlectum
1410 792 1494 840 anno
1517 774 1570 854 95,

395 886 483 965 IV,2
508 890 657 951 exortum
685 882 731 949 sit
762 882 849 948 inter
872 900 992 948 annum
1017 883 1060 948 93
1094 890 1129 949 et
1161 886 1319 948 aestatem
1343 901 1372 949 a.
1398 881 1449 960 95,
1472 881 1569 967 lua,

396 1012 459 1073 quo
493 991 619 1059 Statius
634 1030 637 1038 ·
652 991 780 1074 gratias
813 989 885 1073 agit
918 989 1123 1072 imperatori,
1160 988 1215 1070 qui
1246 989 1349 1071 ipsum
1382 991 1425 1055 ad
1457 1008 1569 1056 cenam

397 1098 540 1178 vocavit,
560 1098 704 1180 primum·
717 1097 819 1164 fuisse
838 1096 970 1163 illorum
990 1096 1167 1162 carminum
1186 1096 1274 1162 haud
1293 1095 1390 1161 dubie
1408 1096 1570 1179 suspicari

396 1206 488 1272 uobis
511 1206 600 1289 licet,
623 1205 671 1271 ita
694 1213 732 1271 ut
756 1223 798 1270 ex
821 1223 862 1270 ea
885 1223 929 1285 re,
953 1205 1040 1283 quod
1064 1204 1169 1271 denuo
1193 1222 1213 1269 a
1236 1202 1423 1269 Domitiano
1447 1203 1570 1270 honore

397 1320 470 1379 erat
493 1311 642 1396 affectus,
674 1312 708 1377 id
740 1313 950 1394 explanetur,
983 1311 1077 1394 quod,
1110 1329 1295 1392 quanquam
1326 1309 1569 1377 inclementiam

396 1420 530 1505 tyranni
547 1420 581 1486 in
598 1419 784 1501 Capitolino
804 1436 910 1502 agone
929 1422 1097 1499 acceptam
1120 1418 1271 1502 graviter
1297 1417 1436 1498 ferebat,
1463 1421 1569 1485 denuo

396 1528 520 1611 eclogis
551 1526 781 1608 imperatorem
815 1501 1021 1591 celebravit.⁴
1035 1563 1079 1573 -
1108 1525 1222 1606 Neque
1255 1524 1340 1590 enim
1372 1525 1569 1592 sententiam

397 1634 522 1702 Grossii
536 1631 567 1717 ¹),
596 1630 774 1717 Imholii²)‚
802 1631 1006 1698 Kerckhoffii
1029 1630 1064 1716 (l.
1087 1633 1107 1696 l.
1131 1651 1162 1714 p.
1178 1633 1241 1716 17),
1271 1631 1327 1713 qui
1351 1631 1492 1699 Statium
1514 1634 1568 1714 IV,

396 1744 425 1824 2,
440 1743 483 1808 62
497 1746 574 1824 post
588 1740 712 1806 cladem
723 1739 942 1821 Capitolinam
958 1739 1101 1805 scribere
1115 1758 1180 1805 non
1195 1739 1341 1819 potuisse
1358 1742 1569 1819 contendunt,

397 1868 467 1944 cum
490 1847 609 1915 Nohlio
642 1847 673 1929 (l.
697 1847 719 1911 1.
742 1866 774 1928 p.
800 1847 840 1911 18
864 1850 926 1927 sq.)
959 1851 994 1910 et
1017 1846 1181 1911 Vollmero
1214 1845 1328 1934 (1180)
1361 1852 1399 1912 ut
1422 1846 1568 1915 futtilem
1652 1925 1655 1932 ,

396 1956 507 2038 probo.
530 1993 570 2003 -

484 2063 531 2128 Et
549 2066 661 2145 potest
680 2060 905 2144 demonstrari,
929 2079 992 2141 qno
1020 2060 1090 2126 fere
1109 2065 1256 2142 tempore
1274 2060 1362 2141 Iv,2
1382 2068 1569 2130 contextum

394 2171 446 2256 sit,
470 2171 531 2237 hoo
554 2170 656 2236 modo.
703 2166 780 2233 Cum
805 2173 913 2250 poeta,
936 2174 974 2233 ut
998 2166 1084 2233 infra
1096 2164 1120 2253 ³)
1144 2166 1335 2251 videbimus,
1367 2167 1403 2234 in
1426 2170 1567 2251 patriam

394 2297 473 2345 vere
497 2276 597 2347 lerrue
622 2276 699 2342 anni
723 2276 765 2342 95
790 2274 1090 2357 transmigraverit,
1123 2274 1241 2340 deinde
1265 2294 1335 2341 cum
1359 2275 1439 2342 Silv.
1463 2276 1524 2358 ΙΙΙ,
1547 2278 1567 2343 5

334 2458 337 2461 ,
393 2384 489 2451 nimis
527 2384 598 2450 diu·
620 2389 698 2448 ante
735 2381 877 2449 reditum
914 2381 1072 2464 scriptum
1110 2401 1181 2447 esse
1219 2402 1283 2449 non
1320 2382 1438 2465 possit,
1475 2383 1568 2449 nobis

394 2492 572 2575 putandum
596 2492 646 2557 est
665 2490 724 2567 111,
744 2489 764 2555 5
788 2508 862 2555 esse
885 2488 1008 2555 iactum
1032 2494 1065 2554 et
1088 2488 1204 2556 librum
1229 2489 1291 2555 ΙΙΙ.
1315 2489 1394 2555 Silv.
1419 2489 1568 2557 emissum

394 2616 550 2667 summum
573 2597 637 2664 iam
662 2603 817 2663 autumno
841 2615 869 2661 a.
893 2598 945 2663 94.

483 2704 605 2789 Quodsi
619 2707 685 2772 iam
698 2710 774 2787 tum,
790 2722 860 2770 oum
874 2702 909 2771 in
924 2722 961 2768 eo
977 2709 1074 2782 esset,
1088 2708 1126 2768 ut
1139 2702 1258 2769 librum
1271 2702 1333 2769 ΙΠ.
1347 2706 1469 2788 ederet,
1484 2705 1538 2785 IV,
1550 2708 1569 2770 2

394 2812 596 2896 perfecisset,
618 2812 730 2879 facere
749 2830 814 2878 non
832 2811 948 2895 potuit,
973 2810 1051 2891 quin
1072 2810 1106 2877 id
1128 2809 1180 2876 illi
1202 2810 1288 2877 libro
1311 2810 1482 2890 insereret
1506 2832 1571 2879 non

394 2920 499 3003 igitur
534 2925 584 2985 est
617 2920 748 2986 dubium
781 2918 869 3003 quin,
901 2919 997 3002 rv,2
1030 2918 1075 2984 sit
1108 2917 1290 2985 confectum
1323 2924 1478 2985 autumno
1516 2922 1570 2986 vel

396 3028 501 3093 hieme
525 3026 603 3092 anni
628 3029 682 3112 94,
704 3025 738 3092 id
762 3027 848 3107 quod
872 3023 1083 3092 verisimilius
1111 3030 1170 3092 est.
1195 3063 1236 3073 -

486 3134 548 3200 Vel
571 3134 630 3199 hae
663 3151 715 3199 res
749 3132 974 3217 cogitantibus
1007 3138 1098 3198 certe
1131 3132 1281 3200 nimirum
1305 3134 1376 3201 veri
1400 3135 1569 3200 admodum

394 3240 499 3308 simile
531 3240 624 3307 nobis
657 3240 765 3307 videri
802 3247 880 3322 puto
914 3240 1057 3308 Statium
1094 3241 1280 3308 occubuisse
1318 3242 1352 3307 in
1385 3243 1569 3326 Capitolino

396 3368 501 3433 agone
524 3367 609 3415 anno
633 3350 685 3415 94„
1170 3340 1175 3349 ’

485 3459 650 3541 Quomodo
670 3476 739 3523 rem
757 3476 835 3524 sese·
848 3458 982 3541 habere,
1005 3462 1044 3524 ut
1066 3457 1160 3524 nobis
1183 3457 1285 3541 magis
1309 3457 1570 3542 persuadeamus,

397 3564 534 3648 denique
563 3563 773 3646 respiciamus
798 3565 896 3630 haec:
937 3564 1021 3631 Num
1045 3565 1176 3631 tandem
1200 3564 1355 3644 Statium,
1389 3565 1445 3646 qui
1469 3565 1570 3631 etiam

396 3677 524 3738 aestate
535 3670 561 3757 ⁴)
593 3690 621 3737 a.
646 3672 768 3760 901vel
800 3671 934 3739 ineunte
967 3673 1029 3738 illo
1053 3691 1139 3738 anno
1163 3672 1204 3737 ab
1228 3672 1426 3754 imperatore
1449 3692 1569 3750 summo

395 3779 454 3845 illo
478 3780 600 3845 honore
625 3779 702 3860 equi
725 3778 856 3845 maximi
879 3778 1089 3858 praedicandi
1113 3786 1164 3845 est
1188 3778 1332 3864 affectus,
1365 3780 1429 3847 iam
1461 3800 1569 3846 mense

395 3885 494 3952 Junio
523 3885 667 3951 eiusdem
697 3886 775 3952 anni
798 3886 985 3953 Domitiano
1017 3886 1050 3953 in
1083 3887 1190 3953 odium
1225 3890 1355 3953 venisse
1388 3886 1570 3954 existimari

396 3991 531 4076 potest?
582 3993 710 4059 Deinde
738 4012 823 4071 num,
856 3994 885 4059 si
916 3994 982 4060 iam
1015 4013 1100 4061 anuo
1136 3979 1179 4061 90
1214 3996 1341 4062 cladem
1379 3994 1570 4075 accepisset,

397 4106 535 4183 poetam,
559 4119 651 4181 quem
677 4107 744 4167 tam
763 4102 899 4167 moleste
918 4103 1084 4184 repulsam
1102 4101 1217 4168 tulisse
1236 4102 1361 4182 scimus,
1385 4100 1568 4184 postillam

397 4208 523 4274 cladem
548 4207 646 4274 etiam
670 4209 804 4291 tyranni
826 4208 974 4276 favorem
998 4215 1112 4292 petere
1136 4216 1330 4276 conaturum
1351 4208 1452 4276 luisse
1475 4207 1569 4274 nobis

468 4366 488 4437 ¹)
508 4364 724 4421 observatorum
743 4367 773 4420 in
791 4367 876 4422 Statii
895 4367 978 4422 Silvis
996 4368 1144 4439 specimen.
1174 4367 1244 4421 Dies.
1264 4366 1385 4421 Berolini
1406 4368 1481 4423 1861.
1502 4386 1529 4437 p.
1543 4369 1568 4425 9.

468 4454 488 4525 ²)
507 4457 575 4526 Pop.
595 4455 678 4510 Statii
698 4455 795 4527 Eclog.
814 4457 850 4511 ad
869 4474 989 4512 uxorem.
1027 4459 1197 4528 Programm.
1235 4456 1318 4511 Helle
1338 4457 1416 4513 1863.
1443 4476 1471 4527 p.
1493 4461 1533 4515 17.

469 4543 653 4614 Sdpffi

467 4633 488 4703 ⁴)
508 4633 542 4688 of.
564 4634 753 4705 appendicem
774 4654 800 4707 p.
821 4639 853 4691 41
868 4654 907 4706 sq.
