3884 5634
864 627 1086 692 ...32-

381 803 520 871 laudare
552 824 582 871 v.
606 801 685 885 69¹)
708 822 763 885 sq,
804 805 839 869 in
884 804 998 884 puibus
1030 805 1211 889 pangendis
1241 806 1366 874 Statius
1397 808 1558 879 facultate

382 910 571 977 ioculariter
594 910 750 977 narrandi
773 911 911 977 maxime
934 911 1060 990 floreat,
1083 919 1117 977 et
1141 932 1170 978 v.
1197 914 1330 997 125111,
1354 916 1469 996 quibus
1492 938 1557 985 non
1673 970 1678 979 .

381 1018 487 1085 minus
522 1036 655 1084 amoene
688 1037 784 1099 quam
820 1018 959 1084 incunde
993 1016 1149 1084 describit
1181 1020 1284 1103 ipsum
1317 1023 1489 1090 Herculem
1522 1026 1557 1091 in

384 1126 503 1207 templo
527 1124 726 1191 aedificando
751 1124 979 1193 elaborantem.
1026 1125 1106 1191 Dico
1131 1127 1268 1207 deniqne
1291 1149 1321 1196 v.
1348 1131 1413 1196 134
1436 1149 1499 1211 sq.:

541 1232 752 1310 ,Decrescunt
775 1233 897 1315 scopuli
920 1240 955 1299 et
978 1252 1072 1299 rosea
1094 1235 1153 1299 sub
1176 1234 1248 1299 luce
1271 1237 1397 1301 reversi

544 1339 687 1406 artifices
710 1339 872 1408 mirantur
894 1343 992 1424 opus‘

473 1465 630 1548 Quamvis
653 1466 775 1547 paucis
799 1466 938 1532 dilucide
962 1471 1080 1531 narrat
1102 1486 1179 1551 rem,
1203 1472 1240 1533 ut
1262 1467 1335 1533 illos
1354 1468 1441 1551 ipsos
1455 1487 1555 1550 paene

384 1572 485 1638 oculis
509 1573 654 1654 aspicere
687 1573 780 1640 nobis
803 1573 978 1642 videantur
1002 1572 1167 1657 mirantes
1200 1577 1283 1654 quod
1315 1582 1409 1641 nocte
1433 1582 1558 1642 remota

382 1684 467 1763 sunt,
491 1699 573 1760 quae
597 1682 773 1748 obstabant
796 1685 830 1746 61
852 1680 1080 1762 impediebant.
1104 1719 1148 1727 —
1171 1682 1282 1762 Neque
1297 1682 1402 1748 minus
1417 1682 1558 1749 delecta-

382 1806 454 1852 mur
486 1788 628 1854 carmine
651 1786 676 1870 I,
701 1788 730 1869 2,
767 1789 849 1867 quod
877 1788 1035 1855 Arruntio
1069 1788 1191 1854 Stellae
1224 1789 1338 1855 intimo
1370 1794 1405 1856 61
1429 1789 1559 1857 Violen-

382 1893 476 1961 tillae
504 1894 669 1962 dedicauit
693 1894 827 1961 Statius.
870 1895 940 1961 Hoc
962 1895 997 1960 in
1020 1895 1230 1977 epithalamio
1253 1896 1396 1980 benigna
1418 1897 1559 1964 materia

383 2004 544 2068 commode
568 2020 645 2068 usus
668 2007 719 2067 est
747 2003 789 2067 ad
812 2000 934 2069 lascive
958 2007 993 2069 61
1016 2008 1153 2069 venuste
1176 2005 1383 2070 narrandum.
1430 2004 1470 2070 In
1494 2024 1556 2071 me-

382 2109 515 2176 moriam
540 2111 693 2192 reduoas,
727 2127 864 2189 quaeso,
896 2108 988 2175 illum
1022 2128 1188 2175 amoenum
1210 2109 1315 2176 locum
1327 2101 1350 2193 ²)
1378 2132 1408 2180 u.
1435 2114 1475 2178 11
1500 2131 1555 2196 su,

383 2216 500 2282 deinde
523 2237 554 2284 v.
578 2218 619 2284 93
654 2222 686 2283 61
722 2218 786 2282 120
818 2215 929 2298 plenos
957 2216 1086 2299 lepidae
1110 2217 1417 2284 assentatiunculae.
1463 2218 1558 2303 Quid,

383 2326 467 2405 quod
500 2322 619 2392 festive
653 2323 800 2406 salseque
833 2318 984 2391 enuntiat
1012 2324 1139 2392 Statius
1172 2324 1277 2407 ipsum
1304 2325 1415 2393 Iovem
1449 2346 1558 2394 amore

383 2431 593 2499 Violentillae
609 2432 750 2515 flagrare
774 2432 917 2514 coepisse
940 2432 1095 2499 inducens
1110 2432 1270 2498 Venerem
1294 2433 1375 2498 haec
1397 2433 1558 2501 dicentem

384 2538 428 2624 (v.
455 2535 557 2623 134³)
580 2541 655 2620 sqp
1095 2523 1098 2528 ’

546 2646 649 2729 ,Quod
672 2646 734 2712 nisi
758 2666 808 2712 me
831 2645 937 2729 longis
961 2646 1123 2727 placasset
1146 2646 1227 2710 Iuno
1252 2646 1400 2731 querelis

545 2752 647 2818 falsus
671 2753 746 2820 huic
769 2771 892 2835 pennas
916 2757 948 2819 61
973 2770 1095 2818 cornua
1117 2758 1260 2820 sumeret
1282 2757 1415 2822 aethrae

543 2866 661 2951 rector,
685 2860 719 2926 in
743 2861 827 2944 hanc
850 2878 928 2926 vero
952 2859 1123 2927 cecidisset
1145 2860 1295 2944 Iuppiter
1317 2866 1411 2928 auro*

474 2987 577 3052 Porro
611 2986 697 3052 haud
730 2985 826 3051 dubie
860 3003 930 3050 oum
962 2986 1088 3068 sponsis
1120 2986 1202 3053 satis
1226 2987 1407 3054 verecunde
1428 2983 1553 3051 iocatur

276 3123 279 3127 >
385 3111 456 3158 curn
488 3092 627 3160 ridicula
658 3095 798 3172 quadam
831 3091 999 3175 gravitate
1022 3094 1119 3161 iinem
1141 3094 1272 3175 nuptias
1296 3090 1482 3161 celebrandi
1504 3090 1556 3157 his

385 3199 496 3266 verbis
519 3198 642 3265 iaciens
666 3202 707 3281 (v.
733 3200 827 3282 241);
923 3204 924 3207 ’

437 3384 439 3391 Α
476 3306 548 3389 ,Η16
570 3305 634 3372 fuit
658 3305 715 3371 ille
738 3294 827 3372 dies:
850 3313 977 3398 noctem
1002 3312 1099 3375 canat
1122 3308 1191 3390 ipse
1215 3308 1372 3375 maritus‘
1397 3346 1436 3355 -

477 3416 529 3479 Ad
552 3418 696 3480 nostram
716 3418 825 3480 autem
844 3415 988 3499 eclogam
1003 3414 1159 3497 imprimis
1176 3417 1391 3483 revocandum
1405 3417 1457 3479 est
1471 3413 1560 3480 haud

386 3521 482 3587 dubie
506 3521 587 3587 illud
610 3540 722 3587 verum
745 3521 898 3588 iudicium
922 3524 1006 3603 quod
1029 3522 1178 3587 Ribbeck
1193 3520 1225 3607 (l.
1240 3523 1260 3588 l.
1275 3544 1305 3605 p.
1319 3521 1399 3607 222)
1413 3519 1495 3587 facit
1519 3522 1560 3598 de

387 3628 485 3695 Statii
510 3629 615 3712 poesi:
1217 3615 1219 3617 ’
1513 3701 1517 3711 ,

477 3736 545 3802 Der
568 3737 803 3820 Improvisator
826 3742 957 3815 ersetut,
991 3755 1059 3803 was
1086 3736 1197 3803 seinen
1222 3736 1343 3804 Stoffen
1367 3756 1410 3803 an
1433 3736 1558 3802 Bedeu·

387 3848 470 3926 tung
501 3846 567 3909 und
599 3844 708 3911 seiner
731 3846 946 3928 Darstellung
978 3863 1020 3910 an
1044 3845 1224 3910 Gedanken
1247 3844 1348 3922 161111,
1382 3844 1483 3909 durch
1514 3842 1557 3907 lo·

389 3952 510 4017 dernde
534 3952 782 4036 Begeisterung,
816 3953 917 4017 durch
951 3951 1180 4035 iiberstiegeue
1212 3951 1356 4017 Einfalle
1390 3952 1455 4014 und
1477 3950 1560 4017 Ver-

386 4057 522 4142 gleicbe.
568 4060 808 4127 Fortwbhrend
831 4065 959 4126 m'ussen
984 4042 1102 4126 ociter
1124 4061 1190 4124 und
1213 4060 1343 4124 Heroon
1367 4056 1419 4125 die
1434 4057 1560 4129 Kosten

388 4187 598 4197 ————--

478 4239 499 4306 1)
518 4237 558 4291 De
578 4237 685 4308 Vergili
703 4237 795 4291 vorbis
814 4236 932 4292 inrisus
951 4236 1064 4291 deflexis
1082 4256 1107 4291 v.
1127 4238 1161 4290 73
1181 4254 1220 4303 sq.
1240 4237 1275 4289 of.
1295 4233 1397 4288 Vollm.
1417 4254 1444 4305 p.
1463 4234 1524 4287 256.

479 4327 500 4397 ¹²)
519 4325 554 4383 cf.
573 4326 660 4380 Theb.
679 4327 700 4394 I,
719 4328 780 4393 1136,
799 4327 833 4395 ΙΙ,
851 4328 904 4382 230
923 4344 962 4394 sq.
1561 4329 1563 4338 '

477 4415 500 4487 ³)
519 4416 558 4470 Ut
576 4416 628 4469 hoo
646 4415 708 4470 loco
727 4415 828 4485 longae
848 4416 977 4484 querelae
990 4415 1107 4469 Junonis
1126 4414 1275 4468 ridiculum
1294 4413 1323 4467 in
1347 4414 1461 4467 modum
1484 4412 1562 4467 diota

387 4509 453 4560 sunt
481 4506 607 4560 consulto
626 4522 643 4559 a
662 4510 762 4576 poeta,
791 4507 832 4559 ita
860 4538 893 4547 —
923 4506 950 4559 id
981 4506 1056 4573 quod
1085 4505 1175 4558 obiter
1202 4503 1317 4557 afferam
1337 4536 1369 4544 —
1390 4521 1445 4558 non
1469 4503 1561 4556 minue

388 4612 477 4666 paene
500 4595 646 4650 ridendum
673 4596 754 4649 nobis
773 4595 891 4664 videtur,
920 4595 995 4663 quod
1014 4595 1100 4648 Theb.
1120 4595 1141 4662 Ι,
1161 4593 1399 4648 256166111116111
1419 4595 1499 4648 deam
1518 4593 1562 4647 ira

389 4686 530 4740 incensam
550 4686 604 4740 hoc
623 4685 704 4739 modo
723 4685 901 4752 loquentem:
922 4684 1058 4750 ‚Mentitis
1077 4685 1189 4754 ignosco
1208 4684 1275 4738 toris
1294 4687 1355 4737 etc!
