3884 5634
892 600 1117 666 ..14-

505 778 617 863 Quid?
650 798 725 846 num
758 779 886 847 omnino
910 784 1027 863 poeta,
1050 777 1081 845 si
1113 778 1178 845 iam
1211 797 1296 847 auno
1329 779 1374 845 90
1406 772 1591 861 cecidisset,

398 893 556 953 exeunte
585 906 671 954 anno
703 888 748 954 94
788 892 962 973 tyrannum
1006 885 1197 967 vituperare
1231 886 1353 952 audere
1391 883 1502 967 potuit
1532 890 1591 950 cut

415 994 537 1078 habuit,
561 994 646 1076 quod
669 993 766 1060 illum
780 993 930 1077 quamvis
953 993 1077 1061 leviter
1090 992 1333 1077 perstringeret
1346 995 1484 1075 propter
1497 989 1590 1057 illam

413 1102 579 1185 repulsam
604 1101 713 1169 dicens
727 1101 791 1169 sibi
807 1103 941 1185 longum
956 1107 1086 1185 tempus
1108 1101 1209 1168 talem
1224 1100 1331 1166 lucem
1354 1117 1418 1165 nou
1434 1097 1589 1165 venisse?

413 1246 454 1255 -
479 1208 514 1274 Si
537 1227 623 1276 anuo
646 1210 700 1291 90,
723 1228 786 1275 non
810 1210 854 1275 94
871 1209 905 1274 in
928 1226 1065 1292 agonem
1089 1208 1284 1296 prodiisset,
1306 1223 1413 1273 nonne
1445 1204 1590 1272 fortasse

412 1334 472 1397 per
495 1334 567 1385 eum
591 1316 694 1399 ipsum
719 1316 877 1394 stetisset,
902 1316 1071 1397 quominus
1094 1312 1224 1398 longum
1249 1320 1377 1398 tempus
1390 1314 1486 1381 nulla
1508 1312 1589 1379 talis

412 1423 469 1489 lux
496 1422 629 1490 veniret
664 1461 702 1471 -
737 1423 786 1489 ite
819 1428 873 1507 ut,
906 1422 1059 1504 quoniam
1090 1422 1189 1502 paulo
1213 1428 1309 1502 ante,
1333 1426 1460 1488 aestate
1484 1439 1512 1487 a.
1535 1421 1589 1501 94,

412 1530 593 1596 Domitiani
625 1530 831 1597 clementiam
866 1531 967 1597 talem
1000 1535 1113 1613 petere
1145 1529 1257 1595 conari
1287 1527 1468 1611 potuisset,
1501 1527 1589 1593 baud

414 1636 510 1703 dubie
534 1642 676 1703 exeunte
699 1656 737 1703 eo
762 1657 846 1703 anno
870 1637 994 1703 talibus
1018 1635 1129 1703 verbis
1144 1620 1320 1718 tyrannum
1343 1636 1447 1717 ipsum
1463 1634 1589 1715 alloqui

415 1761 513 1810 ausus
527 1763 592 1811 non
608 1742 722 1810 esset?
759 1745 884 1829 Nonne,
898 1743 926 1809 si
939 1763 967 1811 a.
983 1744 1027 1810 90
1040 1743 1074 1809 in
1089 1742 1343 1809 commissionem
1364 1723 1589 1825 processisset,

285 1931 287 1936 ,
413 1856 554 1918 exeunte
578 1872 606 1918 a.
632 1853 675 1917 94
698 1870 818 1918 revera
842 1850 907 1917 illis
922 1849 1033 1917 verbis
1047 1849 1081 1916 id
1095 1851 1201 1916 solum
1215 1857 1480 1931 conquereretur,
1503 1851 1589 1932 quod

413 1959 621 2026 Domitianus
645 1978 679 2025 se
712 1977 777 2025 non
810 1957 901 2041 prius
935 1962 1087 2024 vocasset
1119 1956 1161 2023 ad
1193 1975 1304 2024 cenam
1337 1964 1396 2024 aut
1427 1956 1589 2039 singulari

369 2060 374 2073 '
415 2065 576 2133 affecisset
601 2066 724 2132 bonore
747 2102 790 2113 -
813 2064 848 2131 id
872 2066 959 2146 quod
981 2063 1053 2132 fieri
1077 2064 1223 2145 potuisse
1260 2064 1325 2130 iam
1358 2081 1458 2148 supra
1489 2082 1588 2145 nega·

411 2173 527 2240 vimus.
574 2173 698 2240 Contra
721 2177 893 2256 postquam
916 2172 1097 2256 proximum
1131 2171 1164 2236 in
1198 2188 1335 2254 agonem
1359 2169 1588 2253 Capitolinum,

410 2280 428 2345 i.
453 2299 479 2345 e.
503 2298 613 2346 mense
639 2280 740 2347 Junio
764 2300 792 2347 a
817 2281 861 2354 94
883 2279 1019 2360 prodiit,
1041 2280 1091 2346 ita
1114 2284 1152 2345 ut
1182 2280 1281 2344 daret
1314 2277 1508 2361 imperatori
1539 2276 1588 2343 ta-

411 2388 567 2455 cultatem
591 2387 678 2471 ,talis
702 2385 784 2453 lucis
808 2388 915 2468 qualis
939 2386 1056 2452 Albae‘
1078 2386 1284 2463 tribuendae,
1316 2385 1425 2469 potuit
1446 2384 1529 2467 fleri,
1551 2395 1589 2451 ut

403 2495 540 2562 Statius
563 2495 620 2561 illo
645 2500 785 2561 exeunte
809 2513 894 2561 anno
919 2494 982 2560 sibi
1006 2493 1137 2577 longum
1154 2499 1283 2575 tempus
1308 2495 1410 2559 talem
1433 2492 1588 2559 honorem

412 2621 476 2669 non
499 2620 571 2669 esse
602 2602 750 2669 habitum
786 2601 882 2683 queri
917 2603 1072 2685 auderet,
1103 2605 1143 2666 ut
1173 2619 1232 2682 per
1265 2599 1420 2683 ambages
1453 2600 1588 2685 tyranni

410 2708 664 2793 inclementiam,
688 2711 855 2793 repulsam
879 2708 980 2793 illam,
1002 2707 1214 2791 significaret.

499 2816 554 2883 Ita
577 2823 712 2884 nostrae
726 2815 914 2884 sententiae
929 2832 1136 2882 succrescere
1149 2814 1297 2881 videmus
1310 2814 1587 2881 confirmationem

413 2925 575 3005 quandam
599 2942 639 2990 ex
661 2924 729 2992 illis
751 2923 908 2990 versibus.
954 2923 1038 2988 Nam
1066 2922 1121 2989 vel
1143 2927 1335 3007 propteroa,
1358 2924 1445 3004 quod
1460 2922 1587 2989 Statius

413 3038 552 3099 exeunte
585 3052 613 3098 a.
636 3034 682 3099 94
713 3031 773 3098 illa
806 3039 899 3099 tecta
931 3029 1179 3114 vituperatione
1211 3030 1442 3114 imperatorem
1475 3029 1586 3108 afficit,

413 3141 514 3207 multo
537 3138 748 3207 verisimilius
773 3140 941 3219 concedas,
960 3137 1067 3222 credo,
1090 3156 1163 3205 eum
1186 3138 1350 3219 repulsam
1367 3137 1587 3219 capitolinam

412 3246 579 3330 accepisse
601 3265 630 3312 a.
653 3247 706 3329 94,
729 3246 764 3313 id
787 3247 873 3327 quod
895 3245 959 3311 iam
983 3263 1082 3328 supra
1104 3263 1155 3311 me
1171 3247 1412 3313 demonstrasse
1427 3263 1586 3326 spero.-

500 3354 569 3420 Iam
592 3371 775 3439 pergamus.

501 3452 609 3529 Statio
633 3466 747 3527 tantus
770 3460 863 3527 dolor
885 3477 925 3525 ea
947 3478 985 3526 re
1018 3461 1106 3541 quod
1138 3464 1296 3541 ,speratus
1319 3460 1421 3526 honos
1444 3459 1586 3543 lugerat‘

413 3567 447 3635 in
471 3587 576 3652 agone
600 3567 795 3652 capitolino,
818 3568 942 3633 allatus
955 3571 1049 3647 erat,
1072 3571 1111 3632 ut
1134 3585 1207 3633 eum
1230 3586 1272 3633 ne
1307 3566 1354 3632 eis
1386 3567 1585 3650 temporibus

413 3676 551 3760 quidem,
575 3676 691 3759 quibus
714 3674 917 3744 Domitianus
940 3674 1099 3741 eidenuo
1122 3673 1269 3754 faverat,
1293 3693 1364 3741 cum
1398 3676 1440 3741 ad
1473 3694 1585 3742 cenam

411 3790 611 3869 vocaverat,
634 3784 653 3850 i.
671 3800 705 3851 e.
726 3782 837 3849 bieme
863 3781 939 3848 -fere
970 3780 1048 3849 anni
1071 3783 1133 3864 94,
1157 3782 1291 3848 vincere
1312 3788 1439 3865 posset,
1471 3802 1585 3865 neque,

411 3890 476 3958 etsi
499 3890 692 3975 imperatori
715 3890 842 3974 gratias
866 3888 937 3979 egit
959 3888 1020 3956 illa
1041 3891 1161 3973 ecloga
1182 3890 1241 3972 IV,
1264 3888 1325 3974 2¹)
1357 3896 1391 3957 et
1414 3895 1587 3974 praeterea

387 4017 488 4066 ‚eum
512 4000 617 4065 denuo
641 3997 823 4065 celebravit
847 3996 1044 4063 carminibus
1067 3998 1124 4082 lV,
1150 3997 1206 4083 1¹)
1229 4004 1265 4065 et
1289 3999 1327 4079 3,
1359 4003 1469 4065 tamen
1501 4014 1584 4062 novo

412 4106 549 4190 tyranni
572 4105 687 4173 lavore
720 4107 958 4189 adduceretur,
991 4110 1029 4171 ut
1061 4106 1196 4172 consilio
1229 4105 1397 4187 Neapolim
1429 4103 1585 4172 redeundi

411 4213 597 4282 desisteret.
644 4214 786 4282 Statium
810 4212 896 4280 enim
918 4212 1044 4280 Romae
1066 4220 1252 4295 pertaesum
1285 4230 1358 4279 esse
1391 4231 1456 4279 non
1484 4211 1584 4277 solam

410 4328 546 4406 propter
570 4340 641 4389 eam
665 4341 743 4402 rem,
766 4321 852 4404 quod
876 4322 973 4405 gravi
998 4321 1108 4387 morbo
1124 4326 1199 4388 erat
1213 4338 1398 4405 oppressus,
1411 4318 1584 4403 perspicue

407 4437 524 4511 potest
547 4430 715 4499 subaudiri
739 4448 780 4495 ex
803 4429 859 4497 illo
881 4428 1004 4510 optime
1028 4428 1185 4512 disposito
1209 4448 1249 4496 ac
1271 4426 1417 4511 perfecto
1441 4427 1584 4495 carmine

482 4662 502 4731 ¹)
521 4660 681 4717 Tenendum
702 4663 744 4715 est
763 4661 832 4715 haec
851 4661 906 4715 tria
924 4659 1049 4714 carmina
1068 4660 1171 4714 Romae
1189 4662 1320 4715 contexta
1337 4675 1396 4715 sese
1414 4659 1449 4715 cl.
1466 4679 1494 4731 p.
1505 4662 1547 4716 16.
