3884 5634
869 580 1090 643 -13-

368 756 507 841 perse,
522 760 611 837 puto,
625 754 829 825 manifestum
844 760 904 821 est.
950 758 998 821 At
1012 758 1170 836 quomodo
1186 756 1317 822 tandem
1332 755 1559 838 intellegenda

384 868 461 931 sunt
484 861 698 931 illaverba‘?
998 926 1000 929 .
1074 927 1078 933 ,
1149 941 1154 951 ,
1428 928 1431 931 ⁴

426 972 547 1055 ”Non
570 976 623 1054 est
651 970 802 1051 dubium,
828 970 908 1051 quin
940 969 1076 1038 Statius
1101 974 1283 1052 praeterea¹
1307 969 1341 1035 in
1374 969 1558 1054 Capitolino

384 1087 514 1160 quoque
538 1097 653 1162 agone,
671 1077 710 1144 in
735 1096 797 1159 quo
820 1078 891 1160 ipse
915 1086 1058 1160 tyranno
1082 1079 1161 1142 dare
1193 1082 1324 1159 poterat
1355 1076 1558 1162 facultatem,

384 1187 454 1252 tali'
473 1186 595 1252 honore
620 1184 705 1253 affini
729 1184 882 1267 potuerit,
907 1185 999 1265 quali
1023 1184 1136 1267 Albae,
1160 1183 1217 1249 ubi
1239 1184 1305 1249 iam
1329 1203 1393 1253 non
1416 1185 1450 1251 in
1475 1204 1558 1251 com-

385 1293 571 1360 missionem
603 1293 781 1373 processit,
823 1292 873 1358 ita
913 1297 950 1357 ut
984 1292 1024 1358 de
1061 1291 1122 1357 hoc
1155 1310 1258 1374 agone
1290 1291 1383 1357 nobis
1418 1310 1483 1357 non
1516 1292 1559 1357 sit

384 1400 612 1484 cogitandum..
1214 1410 1216 1414 ‘

473 1508 568 1575 Illam
581 1512 702 1575 autem
725 1506 759 1572 in
783 1506 1040 1572 commissionem
1059 1510 1327 1588 reverapoetam
1352 1505 1500 1588 prodisse
1524 1512 1558 1572 et

372 1613 575 1696 imperatori
617 1603 745 1681 dedisse
786 1613 979 1681 facultatem
1020 1612 1097 1678 talis
1140 1607 1333 1680 clementiae
1365 1613 1558 1680 tribuendae

388 1725 485 1802 atque
506 1721 553 1787 ibi
566 1708 756 1788 ¹Domitiani
780 1721 991 1787 inclementia
1015 1720 1171 1786 cecidisse
1200 1722 1326 1788 ecimus.
1358 1760 1400 1768 —
1434 1722 1558 1787 Vultne

387 1827 524 1896 fortasse
549 1828 676 1896 Statius
699 1828 772 1911 ipse
793 1828 842 1894 ita
865 1830 970 1895 verba
992 1827 1053 1892 illa
1075 1827 1236 1910 intellegi,
1254 1833 1294 1893 ut
1315 1829 1355 1893 de
1372 1828 1557 1909 Capitolino

386 1955 492 2018 agone
515 1935 694 2020 cogitemus
728 1971 767 1983 ·-
796 1936 846 2001 ita
868 1946 906 2002 ut
937 1936 1008 2001 iure
1042 1953 1081 2000 ac
1114 1933 1241 2005 merito,
1265 1955 1364 2018 supra
1394 1955 1453 2002 nos
1487 1954 1557 2001 esse

384 2043 568 2125 suspicatos
591 2043 683 2110 illum
705 2043 757 2109 sic
778 2043 911 2122 dixisse,
930 2062 995 2110 non
1015 2042 1119 2123 quod,
1131 2041 1160 2107 ei
1174 2042 1268 2108 nulla
1279 2042 1357 2107 talis
1372 2044 1557 2121 clementia,
1586 2048 1588 2054 '

372 2151 442 2217 ,sed
466 2152 560 2231 quod·
574 2150 786 2216 inclementia
800 2152 943 2235 ¹tyranni
967 2150 1152 2233 obtigerat,
1184 2148 1379 2215 videamus?
1426 2150 1558 2217 Revera

383 2256 474 2324 illam
497 2263 620 2324 tectam
634 2258 908 2341 vituperationem
927 2264 1078 2339 spectare
1097 2257 1139 2321 ad
1154 2259 1319 2340 repulsam
1334 2256 1558 2340 Capitolinam,

383 2364 417 2430 id
441 2365 527 2445 quod
549 2365 802 2433 ratiocinatione
826 2366 965 2446 quadam
989 2364 1139 2430 adbibita
1169 2383 1283 2430 sumus
1312 2364 1454 2445 opinati,
1487 2384 1559 2431 sese

384 2471 471 2543 velle
493 2472 680 2555 significare
704 2474 796 2539 illam
822 2474 947 2539 cladem
970 2472 1098 2538 Statius
1127 2472 1198 2554 ipse
1222 2472 1314 2556 satie,
1337 2491 1421 2556 reor,
1445 2475 1557 2554 expla-

385 2583 443 2643 nat
460 2583 579 2660 atque,
602 2585 641 2647 ut
674 2582 721 2646 ita
754 2581 891 2664 dicam„
909 2580 1057 2647 illustrat
1089 2599 1129 2645 ea
1162 2599 1219 2664 re,
1252 2580 1335 2661 quod
1370 2586 1447 2646 ante
1479 2580 1557 2645 illos

384 2704 501 2753 versus
523 2687 617 2768 ponit
641 2687 684 2773 (r.
709 2689 764 2770 62)
787 2690 869 2755 haec
892 2690 1015 2754 verba:

508 2856 510 2861 ,
549 2795 663 2878 ,Saepe
684 2796 848 2861 coronatis
872 2796 974 2861 iteres
998 2795 1217 2875 quinquennia
1240 2794 1356 2860 lustris
1366 2794 1383 2859 l‘

429 2905 432 2917 '
472 2900 544 2984 Ego
559 2965 562 2968 ,
577 2908 688 2988 autem
715 2902 859 2970 Statium
878 2902 1062 2967 :occasione
1096 2905 1176 2967 data
1210 2902 1357 2967 consulto
1391 2901 1557 2967 addidisse

384 3007 475 3073 illurn
508 3007 744 3096 versumtbdl
766 3009 887 3075 indico.
907 3028 945 3073 eo
979 3009 1131 3091 consilio,
1163 3014 1200 3075 ut
1231 3008 1419 3091 Capitolino
1451 3028 1556 3102 agone

386 3122 632 3200 commemorato
655 3117 868 3197 sequentibus
892 3116 1039 3181 versibus
1064 3152 1105 3161 -
1130 3116 1185 3197 qui
1208 3135 1266 3181 cur
1288 3115 1451 3181 nonsatis
1473 3118 1556 3181 bene

385 3222 544 3306 adfinem
567 3242 641 3290 esse
665 3225 876 3294 accomodata
908 3222 1101 3306 videantur,
1125 3242 1196 3289 mea
1228 3223 1358 3304 quidem
1390 3223 1556 3289 sententia

384 3327 530 3395 Vollmer
553 3332 595 3413 (p.
618 3330 699 3416 450)
722 3330 805 3398 ialso
830 3330 986 3412 explicat,
1002 3366 1042 3377 -
1059 3330 1141 3396 satie
1165 3330 1308 3400 dilucide
1326 3331 1554 3417 perstringere

383 3426 749 3519 possetimperatorem
781 3438 849 3505 illis
881 3437 981 3504 tectis
1014 3437 1134 3507 verbis.
1181 3436 1295 3518 Neque
1328 3444 1380 3503 est
1414 3439 1554 3515 dubium,

384 3544 462 3623 quin
475 3546 666 3626 aequalium
692 3546 722 3612 ei
746 3546 802 3627 qui
835 3565 951 3612 versus
984 3547 1026 3611 62
1043 3566 1088 3626 sq.
1121 3545 1296 3628 legebant,
1329 3538 1481 3612 accurate
1514 3546 1554 3611 de

385 3648 491 3716 Statio
515 3654 670 3720 certiores
693 3653 772 3720 facti
806 3654 926 3736 statim,
960 3654 1038 3735 quid
1068 3654 1128 3718 ille
1160 3652 1268 3726 dicere
1303 3654 1421 3733 vellet,
1455 3656 1554 3734 plane

374 3756 619 3844 intellexerint.
643 3799 684 3808 -
699 3763 783 3839 Ita,
806 3762 931 3828 utiam
955 3761 1063 3827 obiter
1085 3760 1190 3825 Barth
1215 3760 1366 3842 opinatus
1390 3765 1459 3843 est,
1482 3778 1554 3842 pro·

383 3866 497 3933 nuntio
530 3867 632 3936 Statii
653 3869 723 3936 ‘illa
739 3870 865 3947 verba,
890 3889 973 3950 quae
1006 3868 1170 3934 cniusdam
1206 3868 1372 3949 opprobrii
1404 3868 1555 3933 submissi

383 3992 453 4044 esse
476 3976 577 4057 plena
600 3976 751 4056 vidimus,
775 3979 961 4043 revocanda
986 3977 1028 4042 ad
1051 3976 1228 4042 Domitiani
1258 3975 1348 4041 illam
1383 3974 1572 4042 inclemen·.

368 4080 473 4166 tiam,
496 4084 539 4148 ad
561 4085 726 4165 repulsam
751 4083 982 4166 Capitolinam,
1000 4103 1102 4165 ‚quam
1126 4082 1225 4149 luisse
1248 4103 1333 4150 anno
1348 4085 1392 4151 94
1406 4082 1554 4149 diximus.

382 4188 453 4273 Quo
469 4249 472 4255 .
486 4197 628 4258 exeunte
661 4211 744 4258 anno
766 4198 852 4258 -erat
884 4192 984 4257 etiarn
1027 4191 1181 4259 memoria
1217 4191 1320 4257 cladis
1352 4210 1484 4275 recens,
1516 4197 1554 4257 ut

382 4296 498 4368 Statii,
516 4300 793 4386 vituperationem
825 4300 1079 4383 intellegamus
1123 4299 1188 4365 Sed
1216 4299 1256 4369 ,si
1297 4299 1362 4365 iam
1394 4317 1478 4364 auno
1512 4299 1555 4363 90

381 4407 605 4486 occubuisset,
634 4410 814 4496 utiterum
845 4410 887 4495 ad
921 4406 1079 4476 Vollmeri
1111 4407 1308 4476 sententiam
1341 4412 1553 4489 revertamur,

381 4534 486 4582 nonne
510 4516 638 4582 omnino
661 4516 755 4582 nimis
779 4517 876 4599 longo
900 4515 1056 4598 temporis
1079 4514 1187 4596 spatio
1219 4514 1414 4595 interposito
1437 4513 1472 4580 id
1495 4512 1552 4578 im·

381 4625 530 4711 peratori
553 4630 692 4694 erenute
711 4643 801 4689 anno
825 4624 869 4690 94
892 4624 1019 4689 crimini
1043 4621 1212 4689 dedisset?
