3884 5634
832 583 962 659 ..⁴35
1008 631 1052 640 ,-

351 773 392 837 ad
415 770 593 855 elegiarum
616 775 651 837 et
673 771 942 854 epigrammatum
965 778 1000 837 et
1022 771 1235 853 epistularum
1248 791 1379 855 genera,
1402 773 1522 855 partim

351 896 420 943 esse
439 878 680 960 descriptiones.
727 878 781 943 Ita
813 896 881 943 rem
913 896 984 944 sese
1018 880 1139 944 habere
1162 897 1220 944 uos
1243 878 1372 959 quidem
1394 880 1522 947 intelle-

349 985 454 1067 gimus
482 991 581 1066 atque
612 985 809 1062 iudicamus;
842 1003 945 1064 neque
979 991 1088 1051 tamen
1122 986 1263 1053 Statium
1291 987 1394 1069 ipsum
1420 990 1545 1072 magis·

349 1092 483 1159 oonsilio
506 1091 673 1174 scripsisse
698 1092 854 1174 epistulas
869 1091 1069 1158 Horatianos
1092 1113 1187 1173 quam
1207 1093 1329 1177 elegias
1344 1094 1523 1162 Ovidiunas

350 1200 556 1266 manifestum
579 1203 638 1265 est.
665 1236 702 1245 -

441 1325 494 1390 Ita
526 1343 710 1405 quanquam
745 1324 886 1389 Statium
930 1344 1000 1390 esse
1034 1325 1067 1389 in
1101 1324 1201 1390 Silvis
1235 1344 1361 1407 quoque
1394 1335 1521 1408 poetam

352 1432 477 1515 epionm
501 1439 536 1497 et
558 1437 663 1497 metro
687 1437 721 1496 et
744 1431 908 1496 scribendi
931 1432 1059 1496 ratione
1083 1437 1117 1497 11
1140 1431 1305 1498 Silvarum
1329 1442 1523 1517 argumenta

351 1539 514 1605 variorum
547 1558 618 1603 esse
652 1557 806 1620 generum
838 1539 997 1618 vidimus,
1030 1539 1078 1603 ita
1109 1545 1147 1603 ut
1180 1540 1220 1603 ad
1256 1540 1376 1621 lyricos
1407 1548 1523 1622 poetas

351 1653 451 1729 poeta
473 1646 535 1710 hac
559 1651 650 1711 certe
673 1646 706 1710 in
735 1666 771 1711 re
802 1647 987 1726 pertineat,
1020 1647 1167 1726 equidem
1200 1664 1264 1710 non
1297 1651 1522 1715 tantummodo

350 1754 515 1821 Silvarum
538 1753 687 1818 materiis
710 1758 746 1818 et
768 1754 837 1818 illis
860 1753 994 1836 propria
1017 1754 1122 1835 lyrica
1136 1753 1240 1819 forma
1254 1755 1385 1835 scriptis
1401 1757 1523 1840 eclogis

352 1881 424 1927 eum
454 1879 526 1926 esse
559 1860 693 1943 dignum
725 1860 878 1945 iudicem,
912 1861 963 1927 cui
995 1879 1109 1925 nomen
1141 1861 1245 1944 ipsius
1278 1861 1375 1944 lyrici
1406 1869 1523 1944 poetae

352 1969 463 2050 aliqua
488 1972 647 2050 exparte
672 1969 878 2033 concedatur.
924 1968 1039 2048 Neque
1072 1967 1156 2034 enim
1189 1987 1248 2033 nos
1280 1988 1376 2051 posse
1399 1971 1523 2036 Korok·

350 2076 449 2143 hoflio
474 2074 687 2157 adstipulari,
721 2074 774 2154 qui
807 2074 913 2158 ,animi
946 2083 1054 2141 motus
1086 2074 1271 2157 lyricosque
1300 2095 1381 2156 quas
1415 2077 1523 2143 dicere

352 2185 507 2266 solemus,
540 2181 729 2248 affectiones
762 2183 856 2263 plane
889 2182 980 2247 illum
1014 2182 1199 2264 neglegere‘
1223 2184 1243 2247 l.
1268 2182 1287 2247 l.
1322 2185 1523 2268 pronuntiat,

353 2291 569 2374 cognovimns,
592 2309 698 2373 spero,
722 2291 918 2378 precedente
942 2290 1002 2354 hoo
1026 2290 1142 2370 capite.
1166 2328 1210 2337 -

442 2416 602 2500 Quidnam
630 2415 664 2480 in
691 2414 796 2481 Statio
828 2420 927 2495 poeta
959 2415 1159 2482 admiramur
1191 2421 1291 2496 atque
1323 2418 1522 2498 probamus?

354 2525 401 2590 Ut
422 2524 505 2590 hanc
528 2542 597 2589 rem
621 2523 820 2604 omittamus,
843 2523 929 2602 quod
954 2529 1028 2587 erat
1057 2541 1181 2587 summa
1204 2542 1356 2589 versuum
1379 2544 1523 2608 pangen-

355 2634 465 2697 dorum
487 2630 708 2714 experientia,
733 2631 889 2696 laudatur
913 2647 984 2694 cnm
1009 2648 1108 2695 causa
1132 2631 1201 2695 eius
1225 2630 1368 2697 facultas
1400 2637 1523 2717 extem-

352 2738 473 2821 poralis
497 2739 552 2806 vel
575 2757 615 2802 ea
638 2756 709 2817 res,
742 2738 829 2817 quod
852 2736 973 2818 optime
1001 2738 1090 2802 haud
1113 2738 1210 2802 dubie
1233 2738 1462 2804 scit·dilueide
1486 2758 1526 2804 ac

352 2846 525 2930 perspicue
549 2844 733 2910 describere
756 2843 865 2909 villas.
911 2846 958 2909 Et
987 2845 1072 2925 quod
1104 2845 1137 2910 in
1171 2845 1279 2911 Statio
1307 2836 1414 2911 ¹fuisse
1447 2865 1524 2912 vere

352 2954 512 3036 poeticam
536 2952 677 3018 indolem
701 2957 801 3031 atque
824 2952 999 3034 ingenium,
1022 2971 1102 3017 rere
1126 2954 1287 3033 poeticam
1312 2959 1416 3017 artem
1440 2953 1525 3018 vidi·

352 3080 432 3144 11111,
456 3059 533 3124 illas
557 3059 627 3125 dico
651 3058 848 3142 facultates,
882 3059 997 3138 quibus
1031 3059 1199 3139 praeditus
1232 3065 1268 3124 et
1298 3062 1525 3142 imagunculas

351 3168 480 3250 lepidas
504 3165 616 3247 paucis
639 3173 778 3234 venuste
793 3185 853 3231 nee
868 3185 930 3230 non
948 3166 1060 3232 vivide
1077 3168 1271 3231 adumbrare
1287 3173 1321 3231 et
1335 3166 1525 3232 ioculariter

351 3274 523 3354 facetoque
547 3280 646 3354 atquo
668 3273 808 3339 iucunde
832 3292 968 3338 narrare
993 3273 1105 3358 callet,
1129 3292 1268 3340 summas
1292 3282 1325 3339 et
1358 3275 1427 3339 eius
1451 3293 1524 3356 pro-

351 3382 443 3464 prias
476 3388 662 3461 naturaque
694 3380 812 3446 insitas
846 3399 925 3445 esse.
971 3380 1084 3461 Neque
1117 3387 1235 3465 tamen,
1259 3382 1339 3448 licet
1371 3382 1525 3447 videatur

353 3490 417 3556 sibi
450 3489 521 3570 ipse
555 3489 664 3570 opicus
697 3494 797 3571 poeta
830 3506 918 3572 esse,
952 3507 1024 3553 eum
1056 3489 1139 3553 satis
1171 3488 1271 3554 fuisse
1303 3490 1454 3555 idoneum
1482 3491 1524 3555 ad

356 3597 448 3678 epica
471 3615 571 3678 opera
594 3615 715 3678 magna
739 3595 941 3662 conficienda
964 3597 1028 3660 iam
1053 3616 1153 3679 supra
1176 3597 1393 3678 cognovimus.
1417 3596 1524 3679 Quid?
1577 3620 1580 3623 ⁴

355 3705 468 3770 Nonne
500 3704 535 3769 in
571 3704 678 3768 altero
712 3703 854 3770 carmine
888 3704 990 3790 epico
1011 3704 1150 3769 maxime
1183 3705 1251 3769 illis
1285 3704 1409 3783 duabus
1442 3722 1525 3783 quas

355 3812 494 3878 diximus
518 3810 650 3877 summis
673 3809 888 3877 facultatibus
913 3811 1041 3876 Statius
1067 3810 1187 3876 floret?
1233 3810 1303 3893 Quo
1321 3809 1445 3876 factum
1465 3817 1525 3891 est,

352 3925 391 3985 ut
420 3918 576 3984 Achilleis
615 3917 742 3999 quidem
751 3915 784 4001 ¹),
826 3937 909 3998 quae
941 3918 1050 3984 nescio
1092 3937 1134 3982 an
1172 3923 1265 3982 tanto
1298 3935 1395 3997 opere
1438 3925 1525 3983 esset

352 4026 526 4109 laudanda,
550 4026 577 4090 si
592 4045 663 4091 eam
677 4024 878 4108 perfecisset,
902 4028 1035 4106 placeat
1051 4026 1124 4089 ideo
1150 4043 1253 4105 paene
1277 4024 1415 4100 omuino,
1439 4027 1524 4105 quod

351 4134 385 4199 in
417 4134 488 4199 eius
518 4134 612 4199 initio
640 4137 757 4216 poetae
799 4134 880 4197 data
913 4140 987 4198 erat
1029 4132 1154 4199 occasio
1196 4132 1351 4215 imprimis
1393 4134 1525 4214 propria

352 4240 462 4307 indole
485 4240 605 4307 utendi.
630 4279 674 4288 —

443 4471 464 4543 ¹)
483 4472 612 4526 Ceterum
631 4472 738 4541 optimo
759 4472 819 4525 iure
837 4470 944 4525 Sehaua
963 4469 992 4540 (l.
1006 4469 1024 4524 l.
1036 4489 1062 4540 p.
1076 4470 1138 4536 3205
1152 4469 1179 4522 id
1195 4467 1328 4539 epylliou,
1343 4485 1398 4536 quo
1412 4469 1524 4523 nomine

353 4561 480 4641 appellat
497 4562 569 4616 bone
588 4564 695 4632 partem
715 4560 880 4616 Achilleidis
898 4560 1042 4628 traditam,
1061 4560 1154 4614 suavit
1168 4562 1243 4613 atem
1255 4557 1366 4626 habore,
1379 4558 1425 4611 aad
1439 4558 1524 4613 latius

354 4668 414 4706 osse
432 4652 599 4723 dispositum
617 4651 733 4706 iudicat.

1326 4737 1363 4790 31
