3884 5634
859 598 917 674 ³--
964 631 1007 695 55
1056 667 1096 675 -

395 828 424 888 p.
447 807 514 873 485
539 808 638 872 haec:
686 806 1095 890 Gedankenverbindung:
1127 808 1180 873 Du
1212 807 1342 873 solltest
1376 815 1444 872 erst
1472 808 1565 872 recht

393 914 426 979 in
441 914 537 979 deine
552 914 686 979 Heimat
701 914 783 980 Rom
799 914 1060 997 zuriickkehren,
1083 914 1158 979 weil
1184 914 1267 979 auch
1291 914 1343 978 ich
1367 916 1442 981 dort
1461 913 1566 998 weilo,

393 1022 533 1087 obsohon
557 1021 639 1086 mich
664 1021 769 1087 moine
792 1021 876 1087 nahe
897 1022 1032 1104 Heimat
1054 1021 1115 1087 mit
1138 1022 1185 1087 all
1208 1022 1300 1087 ihren
1319 1021 1442 1087 Reizen
1466 1022 1567 1088 lockt.

395 1166 434 1175 —
454 1129 565 1194 Durch
579 1128 840 1211 Hervorhebung
861 1130 944 1193 aller
958 1129 1101 1195 Pointen
1125 1129 1234 1213 (dulci,
1258 1135 1380 1205 natum,
1405 1130 1565 1214 propiore,

393 1237 538 1318 amoeno)
572 1236 729 1302 verwirrt
761 1236 810 1301 St.
839 1237 903 1300 den
936 1234 1108 1302 einiachen
1133 1236 1323 1318 Gedanken,
1358 1236 1455 1301 miror
1487 1236 1566 1317 quid

393 1343 455 1407 sibi
478 1342 563 1409 velit
586 1344 644 1408 ille
667 1342 719 1408 vir
742 1344 867 1407 doctus.
915 1343 964 1408 Ac
995 1344 1133 1425 primum
1166 1345 1295 1424 quidem
1319 1343 1465 1409 Vollmer
1494 1343 1565 1423 ipse

392 1450 583 1529 pronuntiat
599 1455 632 1515 et
651 1452 691 1532 (p.
709 1449 744 1533 9)
768 1449 859 1526 rut
885 1468 956 1515 esse
981 1450 1163 1516 confectum
1187 1451 1298 1516 eodem
1324 1450 1393 1515 fere
1416 1455 1563 1532 tempore

392 1577 432 1623 ac
453 1558 510 1635 IV,
533 1560 555 1621 4
578 1557 596 1622 i.
621 1576 648 1622 e.
671 1562 800 1622 aestate
824 1578 851 1622 a.
876 1558 919 1621 95
944 1565 979 1623 et
1003 1560 1045 1639 (p.
1066 1559 1120 1641 18)
1144 1558 1286 1623 Statium
1311 1557 1564 1641 transmigrasse

391 1664 561 1748 Neapolim
594 1684 622 1730 a.
655 1665 758 1747 93s94
771 1661 803 1747 ¹),
839 1664 890 1730 ita
922 1669 959 1729 ut
992 1665 1025 1729 in
1060 1667 1175 1748 ecloga
1208 1670 1322 1730 nostra
1350 1664 1476 1731 omnino
1501 1681 1564 1731 non

390 1772 536 1854 potuerit
572 1770 683 1835 iubere
720 1776 819 1853 poeta
856 1771 991 1836 amicum
1029 1772 1164 1837 Romam
1203 1771 1327 1847 redire,
1371 1776 1456 1851 quod
1493 1773 1564 1853 ipse

390 1882 581 1946 versaretur
612 1878 646 1943 in
674 1879 763 1944 urbe.
810 1878 936 1944 Deinde
969 1885 1090 1964 autem,
1123 1899 1195 1943 urea
1227 1882 1355 1960 quidem
1388 1882 1563 1965 sententia,

389 1988 493 2052 verba
515 1986 615 2052 Statii
638 1985 766 2052 omnino
800 2005 864 2052 non
890 1987 947 2065 ita,
981 1996 1018 2052 ut
1042 1988 1101 2053 ille
1125 1987 1178 2052 vir
1202 1988 1317 2052 doctus
1345 1990 1428 2072 vult,
1461 1988 1562 2071 expli·

390 2093 495 2159 canda
513 2100 599 2158 sunt.
637 2093 735 2158 Immo
760 2113 867 2160 eorum
892 2113 1021 2161 sensum
1046 2114 1117 2161 esse
1140 2094 1333 2174 simpliciter
1356 2096 1442 2161 hunc
1466 2103 1561 2177 puto:

388 2200 499 2266 Kehre
523 2201 579 2285 du,
613 2207 651 2267 ut
684 2206 797 2267 nostra
830 2200 944 2284 lingua
977 2209 1066 2286 utar,
1098 2202 1131 2268 in
1155 2201 1248 2267 deine
1272 2202 1406 2268 Heimat
1429 2206 1561 2289 zurbck,

389 2329 454 2374 von
488 2310 546 2374 der
579 2310 622 2374 du
651 2309 736 2391 jetzt
767 2328 802 2374 so
836 2310 916 2375 weit
947 2310 1093 2376 entfernt
1124 2309 1201 2392 bist,
1234 2310 1296 2375 wie
1320 2309 1374 2374 ich
1396 2309 1431 2375 in
1455 2312 1561 2378 meine

389 2416 530 2499 Heimat,
559 2415 612 2480 die
640 2416 722 2481 doch
750 2435 785 2480 so
809 2417 893 2481 nahe
917 2417 979 2498 ist,
1012 2420 1173 2483 trotzdem
1199 2417 1262 2482 eile
1286 2418 1339 2483 ioh
1362 2418 1472 2501 dobin,
1495 2423 1561 2485 und

390 2522 480 2587 nicht
503 2521 606 2587 Baiae
633 2523 700 2587 und
723 2523 882 2589 Misenum
915 2526 1021 2591 selbst
1053 2525 1113 2589 mit
1145 2525 1238 2590 ihren
1271 2524 1395 2590 Reizen
1431 2527 1560 2592 kbnnen

275 2679 279 2686 .
391 2628 472 2694 mich
495 2630 677 2696 aufhalten.
722 2629 777 2695 Ita
799 2630 828 2696 si
852 2632 954 2697 verba
977 2631 1038 2698 illa
1061 2631 1317 2715 iuterpretamur
1336 2670 1379 2679 —
1399 2640 1436 2698 ut
1458 2633 1559 2699 inter·

388 2740 548 2819 protunda
573 2756 643 2803 esse
667 2738 746 2804 mihi
769 2745 820 2804 est
843 2758 1035 2820 persuasum
1058 2778 1109 2818 —,
1143 2740 1293 2807 videmus
1325 2760 1455 2807 carmen
1478 2754 1559 2808 tem-

387 2846 530 2928 poribus,
553 2846 669 2926 quihus
694 2846 821 2911 Statius
844 2848 879 2913 in
903 2847 1045 2929 patriam
1070 2856 1121 2913 est
1145 2866 1306 2925 reversus,
1329 2847 1470 2914 fortasse
1493 2850 1558 2916 iam

386 2952 525 3041 Neapoli
548 2954 602 3019 vel
625 2953 660 3018 in
684 2954 792 3035 agello
816 2954 955 3036 Albano,
983 2955 1039 3021 ubi
1062 2954 1204 3021 Statium
1228 2959 1389 3020 aestatem
1414 2958 1490 3022 anni
1514 2960 1557 3023 95

386 3097 428 3105 --
465 3061 520 3123 151
558 3065 683 3140 partem
721 3060 850 3141 quidem
889 3061 1033 3141 aliquam
1070 3062 1158 3127 illius
1195 3062 1333 3127 aestatis
1370 3100 1413 3109 —
1451 3067 1558 3147 egisse

386 3165 532 3233 Vollmer
550 3188 580 3251 p.
597 3171 638 3235 18
662 3187 786 3234 summa
810 3187 881 3233 cum
904 3168 1013 3251 specie
1038 3169 1191 3235 veritatis
1215 3169 1377 3254 opinatur,
1401 3172 1557 3253 scriptum

386 3292 456 3338 esse
474 3313 512 3321 —
530 3282 608 3341 ante
626 3276 719 3353 IV,5
738 3276 792 3341 vel
813 3277 925 3342 eodem
944 3275 1014 3341 fere
1038 3284 1185 3360 tempore
1209 3284 1310 3358 atque
1334 3279 1394 3344 hoc
1418 3300 1557 3367 carmen,

386 3384 471 3461 quod
496 3381 580 3447 idem
595 3383 700 3448 Albae
719 3382 843 3449 factum
868 3390 927 3450 est.
952 3422 993 3429 —
1019 3384 1111 3466 Quod
1135 3390 1244 3451 autem
1267 3386 1372 3468 praei.
1395 3388 1443 3453 IV
1467 3391 1489 3455 1,
1515 3393 1556 3455 18

384 3489 524 3571 legimus
539 3510 695 3570 praesens
719 3497 825 3574 ,roget
850 3492 1019 3557 sententia
1034 3497 1148 3557 nostra
1162 3512 1227 3557 non
1243 3494 1373 3575 labefit,
1397 3495 1430 3560 id
1446 3504 1556 3562 autem

386 3597 536 3662 concludi
559 3603 670 3679 potest
692 3598 820 3663 Vibium
844 3598 1026 3690 Maximum
1052 3598 1152 3666 etiam
1177 3600 1376 3682 temporibus
1399 3602 1476 3668 libri
1499 3605 1555 3671 IV.

385 3702 465 3770 editi
488 3703 508 3767 i.
532 3723 559 3770 e.
582 3710 710 3771 aestate
734 3725 762 3771 a.
786 3706 828 3772 95
852 3706 885 3772 in
912 3706 1079 3771 Dalmatia
1102 3725 1173 3771 esse
1205 3714 1383 3774 versatum.
1427 3711 1555 3779 Deinde

383 3810 507 3902 siquis
531 3813 723 3894 admiratur,
749 3832 805 3879 our
823 3813 948 3879 Statius
968 3812 1112 3897 eclogam
1127 3821 1272 3880 nostram
1289 3836 1353 3882 non
1370 3823 1448 3882 ante
1462 3818 1553 3899 IV,5

383 3918 499 3999 posuit,
536 3922 710 3985 tenendum
745 3928 796 3985 est
828 3920 921 3985 illum
953 3920 1084 3987 omnino
1117 3941 1183 3987 non
1216 3923 1330 3988 ordine
1362 3925 1553 4011 temporis2)

383 4024 526 4090 carmina
550 4027 755 4109 disposuisse.
789 4064 832 4073 -
865 4028 1023 4093 Fortasse
1047 4035 1155 4095 autem
1179 4037 1278 4112 poeta
1302 4032 1554 4114 digerendarum

371 4131 457 4201 libri
480 4133 526 4197 IV
550 4134 737 4217 eclogarum
762 4135 862 4199 talem
891 4136 1053 4202 rationem
1086 4137 1242 4221 instituit,
1275 4144 1312 4203 ut
1346 4140 1448 4218 primo
1481 4142 1553 4206 loco

381 4240 572 4321 legerentur
610 4241 756 4308 carmina
792 4242 851 4307 illa
884 4243 953 4309 tria
986 4244 1103 4325 quibus
1137 4245 1364 4327 imperatorem
1399 4248 1553 4326 celebrat,

382 4349 523 4413 secundo
557 4349 627 4414 loco
661 4351 805 4415 carmina
829 4350 907 4431 eius,
940 4351 992 4416 cui
1023 4351 1140 4418 librum
1165 4352 1304 4433 dedicat,
1328 4359 1362 4419 et
1386 4353 1455 4419 eius
1478 4374 1552 4420 con-

382 4454 567 4538 discipuli³)
591 4457 655 4540 (IV,
680 4456 723 4541 5),
746 4458 888 4537 denique
911 4463 1032 4526 cetera.

453 4596 473 4665 ¹)
491 4595 599 4652 Revera
616 4598 684 4651 anni
703 4600 737 4654 95
756 4614 820 4653 vere
839 4598 888 4652 ille
906 4598 992 4653 rediit
1010 4599 1039 4653 in
1059 4601 1190 4671 patriam,
1219 4603 1250 4655 ut
1271 4601 1389 4656 vidimus
1408 4622 1434 4673 p.
1455 4605 1497 4658 15.

452 4684 473 4753 ²)
492 4685 526 4739 cf.
547 4686 698 4740 Karchhoff
713 4686 732 4743 l.
752 4687 771 4740 l.
790 4706 817 4757 p.
838 4689 879 4741 14.
925 4686 946 4756 3)
966 4687 1002 4741 cf.
1022 4688 1110 4743 Praef.
1130 4689 1177 4746 IV.
1195 4689 1215 4749 l,
1235 4691 1277 4746 13.
