3884 5634
835 615 1054 678 -37-

357 787 493 856 Claretii
515 790 568 857 his
591 791 625 875 (l.
649 794 671 858 l.
695 814 725 874 p.
749 792 822 874 85):
855 792 1020 876 Quomodo
1043 791 1116 858 fieri
1149 794 1272 876 possit,
1294 799 1332 860 'ut
1355 792 1463 859 Statio
1488 830 1528 839 -

356 899 452 980 plura
471 898 555 964 licat
579 899 610 964 ei
634 897 774 964 defuisse
806 898 975 966 fatendum
1007 900 1069 983 sit,
1104 938 1143 947 -·
1177 900 1380 966 invideamus
1413 902 1529 966 laudes

356 1004 488 1072 incundi
520 1005 734 1087 amabilisque
765 1012 903 1091 poetae,
936 1008 1131 1088 omninoque
1164 1008 1265 1088 digni,
1298 1026 1392 1089 quem
1425 1006 1528 1073 amico

356 1110 571 1194 continusque
594 1112 709 1180 lavore
732 1118 993 1195 prosequamur?

836 1331 1049 1346 .-..-.-.-,..,,.-

898 1473 968 1539 iv.

784 1653 1096 1747 mummi

446 1814 539 1897 Quod
563 1814 712 1881 Vollmer
735 1836 764 1898 p.
788 1816 856 1881 484
878 1813 1017 1879 adnotat
1050 1816 1092 1878 ad
1116 1833 1146 1879 v.
1170 1814 1190 1878 5
1220 1815 1255 1879 in
1279 1815 1526 1881 commentario:

354 1920 481 1987 Pindar
504 1922 554 1987 als
569 1920 742 1988 Vertreter
756 1923 814 1988 der
829 1920 931 2004 Lyrik
946 1921 1097 1988 entlebnt
1112 1921 1157 1988 St.
1173 1921 1298 1986 wieder
1313 1922 1384 1984 dem
1400 1920 1529 1995 Horaz;

354 2027 445 2094 seiae
468 2027 604 2094 Absicht
635 2017 680 2094 ist
708 2029 821 2112 dabei,
854 2029 974 2093 diesem
1007 2029 1205 2106 γενεθλιακόν
1238 2028 1299 2101 deu
1330 2028 1437 2094 Rubm
1457 2028 1527 2117 *des

354 2134 520 2218 Erstlings
544 2134 603 2200 auf
622 2136 814 2202 romischem
838 2136 950 2202 Boden
980 2153 1019 2200 zu
1052 2135 1185 2200 wahren
1210 2136 1248 2217 (s,
1271 2134 1348 2200 novi
1372 2153 1402 2200 v.
1426 2136 1456 2217 6,
1479 2135 1526 2200 in·

354 2239 602 2326 tonsav.10);
635 2242 713 2309 novi
741 2243 800 2309 hat
823 2243 893 2309 also
927 2243 989 2309 den
1012 2242 1232 2325 Doppalsinn:
1265 2240 1319 2307 fdr
1350 2241 1432 2307 Rom
1464 2241 1527 2308 wie
1572 2282 1575 2287 -

353 2349 408 2415 fiir
432 2349 524 2434 mich,
547 2350 609 2415 hac
632 2350 666 2416 in
690 2351 856 2416 sententia
880 2350 912 2416 ei
935 2350 1092 2416 assentiri
1114 2349 1244 2415 minime
1267 2367 1405 2430 possum.

445 2456 525 2522 Nam
564 2476 605 2522 ex
641 2457 761 2538 verbis
799 2476 880 2540 quae
914 2457 1042 2524 Statius
1080 2458 1120 2523 de
1153 2456 1267 2540 ecloga
1299 2461 1415 2521 nostra
1446 2455 1526 2522 facit

356 2561 458 2645 prael.
480 2563 529 2630 IV
553 2564 573 2629 l.
598 2564 639 2631 15
663 2585 726 2646 sq:
758 2565 943 2649 ‚Maximum
967 2563 1096 2630 Vibium
1130 2571 1164 2627 et
1188 2563 1362 2645 dignitatis
1394 2568 1428 2628 et
1460 2563 1525 2628 elo·

357 2657 508 2751 quentiae
532 2671 662 2737 nomine
687 2692 707 2738 a
731 2673 823 2739 nobis
852 2672 944 2756 diligi
976 2672 1058 2738 satis
1091 2690 1180 2736 eram
1212 2676 1355 2736 testatus
1379 2670 1525 2752 epistola,

354 2796 449 2858 qnam
482 2780 525 2844 ad
556 2777 651 2843 illum
684 2780 724 2845 de
758 2780 902 2846 editione
924 2780 1110 2845 Thebaidos
1142 2797 1232 2844 meae
1260 2778 1436 2862 publicavi,
1468 2779 1525 2843 sed

353 2903 439 2951 nunc
472 2904 598 2968 quoque
630 2904 702 2951 eum
736 2887 864 2954 reverti
896 2886 1057 2953 maturius
1085 2905 1124 2951 ex
1151 2885 1319 2951 Dalmatia
1352 2886 1449 2968 rogo‘,
1483 2904 1525 2950 ne

351 2993 456 3074 ipsum
480 2992 610 3074 quidem
633 2994 832 3077 praedatorum
856 2993 908 3075 (cf.
934 3013 964 3059 v.
989 2995 1031 3060 29
1056 2992 1115 3077 sq.)
1146 2992 1254 3059 dicere
1277 3011 1432 3057 summam
1456 3011 1524 3057 car·
1549 3033 1557 3044 ,

351 3098 448 3166 minis
466 3100 516 3166 sui
534 3106 663 3183 partem
682 3100 838 3167 videmus.
876 3101 1040 3185 Quomodo
1064 3106 1162 3181 poeta
1185 3100 1256 3182 ipse
1278 3099 1371 3165 illum
1390 3099 1524 3190 titulum

353 3206 427 3286 capi
450 3206 542 3290 velit,
574 3214 716 3290 apparet
747 3209 802 3274 vel
836 3229 876 3273 ex
909 3208 1018 3275 verbis
1051 3206 1153 3291 praef.
1178 3206 1213 3273 11
1237 3209 1257 3271 l.
1282 3209 1334 3290 20,
1367 3226 1429 3287 quo
1453 3208 1524 3273 loco

352 3314 434 3380 illud
467 3333 597 3380 carmen
621 3314 664 3399 Il,
698 3318 716 3381 7
750 3316 783 3381 in
806 3317 931 3382 Lucani
954 3318 1110 3381 honorem
1142 3314 1274 3398 factum,
1304 3318 1388 3397 quod
1410 3316 1525 3381 Pollae

352 3423 575 3504 Argentariae
612 3423 736 3514 mittit,
773 3405 923 3507 appellat
959 3424 1089 3490 nomine
1124 3428 1337 3503 praedicando,
1375 3441 1447 3487 cum
1483 3441 1524 3488 ne

354 3547 482 3595 carmen
506 3530 563 3613 IV,
587 3533 607 3597 8
631 3531 771 3613 quidem,
804 3532 839 3598 in
872 3550 934 3613 quo
963 3531 1162 3598 Menecratis
1195 3531 1338 3614 ,tertiam
1370 3517 1527 3601 subolem‘.

355 3634 395 3719 (v.
418 3640 451 3718 4)
480 3638 711 3704 celebrandam
744 3640 785 3703 ab
818 3638 913 3706 initio
946 3639 1028 3705 dicit
1060 3638 1201 3716 Statius,
1234 3637 1392 3720 peculiari
1424 3636 1523 3703 titulo

354 3743 525 3827 inscribat,
562 3746 621 3810 sed
657 3745 887 3833 simpliciter¹)
925 3746 1028 3830 praef.
1064 3747 1108 3812 lV
1138 3747 1159 3812 l.
1193 3748 1236 3812 20
1274 3746 1415 3811 scribat:
1462 3744 1539 3824 ‚cui'

353 3852 521 3933 gratulor‘.
544 3888 588 3897 —

440 3957 508 4022 Iam
543 3961 645 4041 legas,
680 3978 810 4043 quaeso,
842 3962 988 4044 eclogam
1011 3960 1067 4044 IV,
1093 3963 1111 4025 7
1135 3960 1256 4042 ipsam:
1296 3960 1393 4043 Cupit
1425 3966 1555 4050 poeta*

352 4063 490 4131 amicum
523 4084 597 4131 mox
629 4066 746 4146 redire,
780 4067 811 4133 ei
835 4075 942 4135 autem
966 4067 1109 4151 ignoscit
1132 4087 1262 4145 moram,
1296 4086 1368 4133 cum
1391 4067 1523 4133 interim

352 4171 521 4251 ‚Maximus
564 4173 652 4239 alter
689 4174 836 4255 venerit‘,
876 4175 926 4242 cui
963 4175 991 4239 si
1026 4176 1112 4241 bona
1148 4194 1212 4241 non
1247 4181 1380 4257 optaret
1417 4171 1523 4240 omnia

352 4280 502 4346 versibus
534 4281 745 4362 sequentibus
778 4281 919 4362 Statius
957 4282 1128 4348 admodum
1160 4283 1361 4349 miraremur.
1393 4318 1437 4328 —
1468 4282 1523 4347 lta

351 4386 501 4455 videmus
524 4406 655 4454 carmen
678 4395 824 4456 nostrum
846 4408 927 4471 esse,
951 4396 990 4455 ut
1012 4390 1069 4470 IV,
1093 4390 1122 4473 5,
1146 4390 1333 4480 simplicem
1347 4390 1522 4473 epistulam

352 4492 514 4575 poeticam
537 4497 640 4563 amieo
664 4500 778 4579 procul
802 4497 931 4564 absenti
959 4497 1098 4564 missam.
1145 4498 1256 4581 Quare
1288 4518 1360 4564 mea
1392 4498 1521 4579 quidem

441 4674 462 4744 1)
481 4673 522 4728 Do
541 4672 590 4728 illo
609 4673 693 4729 titulo
707 4674 874 4743 ‚Gratulatio
887 4675 923 4728 ad
935 4674 990 4728 Jul.
1006 4674 1200 4729 Menecratem‘
1213 4673 1248 4728 cf.
1259 4635 1361 4729 vom
1377 4693 1402 4740 p.
1414 4676 1466 4731 207
1480 4692 1519 4741 sq.
