3884 5634
840 636 1062 698 ..11-

360 814 483 899 fingere
510 809 705 896 possumus?
751 814 797 877 At
820 830 939 878 revera
961 811 996 878 in
1021 812 1107 878 circo
1131 812 1322 895 imperatori
1345 811 1424 878 silv.
1447 813 1490 895 11,
1513 814 1534 880 5

360 918 511 1000 tradidit,
544 937 617 986 eum
649 919 801 985 laudibus
830 918 953 985 extulit
977 938 1004 984 e.
1027 938 1059 1002 g.
1082 918 1117 985 in
1140 919 1202 1003 III,
1225 922 1256 1003 4,
1288 938 1412 985 summa
1436 938 1534 987 vene-

359 1026 536 1095 rationein
553 1020 729 1094 Thebaidis
751 1025 916 1110 prooemio
940 1033 1133 1107 prosecutus
1151 1027 1303 1107 estquod
1322 1025 1374 1092 illi
1388 1026 1535 1095 edendae

359 1134 545 1203 addiderat.

449 1259 542 1343 Quae
574 1265 771 1342 argumenta
804 1259 929 1326 collata
961 1264 1062 1340 atque
1094 1257 1270 1326 coniuncta
1301 1259 1385 1327 satis
1416 1260 1534 1342 gravia

360 1373 518 1449 certaque
542 1385 668 1443 censeo,
691 1366 740 1432 ita
763 1373 802 1467 ut
824 1385 895 1432 curn
920 1385 1019 1432 causa
1043 1365 1185 1433 Statium
1208 1384 1294 1433 anno
1310 1369 1355 1434 94
1368 1366 1404 1433 in
1428 1363 1534 1450 agone

360 1472 543 1557 Capitolino
567 1472 721 1539 cecidisse
754 1473 967 1551 arbitremur,
1001 1479 1039 1538 ut
1071 1472 1124 1538 vel
1158 1493 1217 1557 per
1247 1492 1282 1539 se
1313 1474 1416 1540 multo
1448 1473 1533 1540 veri-

362 1581 497 1649 similius
522 1587 572 1648 est
596 1598 677 1661 eum,
701 1600 766 1661 qua
789 1586 901 1647 aetate
924 1579 1069 1647 Thebais
1092 1579 1182 1646 edita
1205 1581 1416 1667 laudabatur,
1428 1580 1533 1663 ipsum

361 1689 480 1756 fretum
510 1687 643 1773 iugenio
685 1706 743 1755 suc
784 1687 817 1754 iu
861 1687 951 1754 illum
992 1686 1146 1753 maiorem
1187 1706 1324 1770 agonem
1357 1691 1533 1769 procedere

363 1813 473 1865 ausum
496 1814 575 1862 esse.

448 1922 530 1988 Inde
553 1919 675 1987 rectius
698 1922 803 1986 locum
827 1923 990 2003 quendam
1014 1921 1178 1988 Silvarum
1201 1920 1441 2005 intellegemus,
1463 1919 1533 1987 dico

359 2049 391 2094 v.
413 2028 471 2112 IV,
494 2030 525 2113 2,
547 2029 657 2112 cusq,
680 2046 760 2109 qnos
783 2045 878 2094 nemo
902 2029 1009 2095 adhuc
1032 2027 1115 2095 satis
1138 2034 1247 2113 recte,
1271 2028 1404 2111 opinor,
1430 2027 1532 2094 inter·

360 2143 511 2219 pretatns
543 2141 603 2203 est
635 2172 679 2181 —
711 2135 785 2201 Hac
816 2140 926 2202 autem
958 2134 991 2201 in
1024 2156 1061 2202 re
1095 2136 1272 2202 tractanda
1304 2135 1398 2203 nobis
1431 2134 1534 2201 altius

361 2243 505 2326 repetita
528 2242 682 2322 oratione,
701 2247 754 2309 est
776 2244 940 2309 utendum.
968 2279 1006 2291 —

451 2350 560 2417 Verba
583 2349 685 2417 Statii
706 2356 784 2417 aunt
802 2350 884 2416 haec
907 2349 964 2428 IV,
988 2352 1017 2428 2,
1041 2353 1083 2418 63
1094 2372 1140 2433 sq.
1151 2374 1164 2428 εΧ

521 2475 603 2559 ,Qua
626 2473 705 2542 mibi
726 2472 839 2540 felices
863 2474 977 2557 epulas
1002 2495 1197 2557 mensaeque
1221 2477 1341 2544 dedisti

521 2601 615 2649 sacra
638 2587 727 2665 tuae,
750 2581 828 2648 talia
852 2583 951 2665 longo
974 2590 1051 2666 post
1075 2589 1222 2667 tempore
1245 2583 1337 2650 venit

519 2692 579 2756 lux
601 2688 687 2767 mihi,
711 2688 875 2755 Troianae
900 2691 1007 2771 qualis
1030 2692 1090 2757 sub
1115 2690 1252 2759 collibus
1276 2690 1398 2756 Albae'.

449 2833 541 2917 Quae
563 2832 699 2900 liberius
722 2850 820 2899 versa
843 2838 958 2899 nostra
981 2833 1095 2917 lingua
1127 2833 1316 2917 significant
1339 2834 1420 2900 haec
1443 2833 1531 2899 iere:

358 2942 472 3007 Duroh
502 2941 556 3007 die
587 2940 779 3023 Einladnng
811 2960 870 3006 zur
901 2940 1120 3007 kaiserlichen
1152 2941 1248 3007 Tafel
1279 2941 1324 3009 ist
1355 2939 1417 3007 mir
1449 2941 1534 3007 nach

360 3050 479 3132 longer
497 3048 572 3115 Zeit
595 3052 665 3114 erat
687 3046 810 3114 wieder
834 3047 907 3113 eine
931 3047 1041 3114 solche
1061 3049 1177 3116 Gnade
1200 3068 1240 3115 zu
1263 3049 1323 3115 teil
1347 3049 1533 3132 gewonden,

364 3156 424 3222 wie
446 3154 493 3221 sie
516 3155 579 3222 min·
602 3155 727 3221 damals
752 3154 805 3221 bei
829 3154 965 3222 meiuem
989 3154 1167 3222 Aultreten
1199 3156 1234 3222 in
1256 3156 1342 3222 Alba
1375 3155 1533 3222 erwiesen

363 3265 481 3330 wurde.
505 3300 550 3310 -
572 3262 653 3329 Sese
676 3247 775 3346 longo
801 3270 875 3343 post
899 3268 1044 3345 tempore
1068 3268 1147 3329 tunc
1171 3265 1300 3328 demum
1333 3265 1437 3330 denuo
1471 3263 1533 3329 tali
1658 3288 1661 3294 ’

360 3369 470 3453 gratia
494 3366 583 3451 quali
607 3369 713 3435 Albae
737 3370 892 3436 affectum
915 3369 975 3435 ille
999 3370 1201 3451 pronuntiat.
1246 3370 1319 3436 illis
1352 3375 1463 3436 antem
1497 3388 1535 3435 ex

361 3476 528 3544 vocabulis
553 3477 659 3562 ,longo
681 3484 757 3558 post
780 3481 935 3559 tempore’
958 3477 1120 3543 neminem
1139 3496 1221 3555 esse,
1245 3478 1323 3560 quin
1346 3477 1535 3543 submissam

361 3589 547 3665 tectamque
582 3584 858 3668 vituperationem
899 3586 1062 3667 quandam
1105 3584 1298 3669 subaudiat,
1340 3603 1399 3666 pro
1446 3589 1536 3650 certo

362 3691 473 3771 habeo,
495 3729 540 3738 —
562 3691 598 3756 id
622 3692 708 3773 quod
723 3691 870 3757 Vollmer
884 3692 954 3774 ipse
969 3711 1097 3774 qnoque
1120 3695 1162 3776 (p.
1183 3693 1262 3777 450)
1285 3699 1376 3758 reete
1390 3691 1536 3758 animad-

361 3797 476 3864 vertit.
521 3799 587 3865 Sed
609 3817 681 3866 cum
704 3797 758 3864 hic
781 3798 835 3865 vir
858 3801 975 3866 doctus
998 3801 1060 3866 hac
1089 3799 1122 3867 iu
1156 3819 1192 3865 re
1225 3798 1444 3880 conquiescat,
1478 3817 1536 3865 nos

361 3924 521 3988 quaerere
544 3925 677 3972 necesse
701 3911 761 3989 est,
785 3907 943 3987 quomodo
958 3906 1001 3973 sit
1015 3906 1244 3989 intellegenda
1258 3906 1317 3972 illa
1331 3905 1534 3987 vituperatio

362 4012 527 4080 submissa
580 4016 626 4078 Ac
657 4013 794 4096 primum
828 4013 957 4095 quidem
991 4015 1046 4081 vel
1078 4014 1112 4079 in
1144 4013 1332 4082 universnm
1365 4014 1535 4080 admodum

362 4120 527 4201 miramur,
551 4124 637 4203 quod
651 4120 779 4187 Statius
802 4120 930 4188 omnino
954 4120 1079 4203 aliquid
1104 4120 1252 4202 quamvis
1275 4126 1366 4188 tecta
1389 4120 1536 4187 oratione

361 4233 502 4311 tyranno
526 4229 605 4294 dare
628 4230 729 4294 audet
752 4228 884 4293 crimini.
931 4228 1001 4312 Quo
1016 4234 1126 4295 autem
1142 4246 1290 4294 sermone
1303 4228 1533 4311 imperatorem

364 4336 560 4416 alloquatur,
584 4337 624 4402 de
649 4336 710 4401 hac
733 4355 770 4401 re
793 4336 981 4402 accuratius
1004 4355 1069 4401 uon
1092 4354 1205 4419 agam,
1241 4335 1325 4402 satis
1357 4341 1408 4400 est
1430 4335 1535 4413 ipsum

364 4458 492 4508 muman
515 4441 571 4524 IV,
596 4446 615 4507 2
641 4443 759 4526 dicere,
783 4443 870 4523 quod
893 4442 953 4509 tali
976 4460 1123 4508 sermone
1147 4448 1198 4509 est
1221 4442 1390 4526 scriptum,
1404 4443 1534 4524 qualem

362 4546 396 4614 in
419 4549 494 4615 aliis
519 4568 645 4632 quoque
667 4549 767 4616 Statii
791 4550 915 4633 eclogia
938 4551 982 4615 ad
1011 4555 1188 4633 tyrannum
1212 4549 1320 4616 missis
1343 4548 1537 4633 invenimus,

362 4654 411 4723 ita
436 4662 472 4724 ut
497 4656 635 4721 maxime
658 4657 821 4739 miremur,
855 4675 920 4740 qua
954 4655 1057 4722 fuerit
1087 4662 1188 4740 poeta
1222 4657 1361 4723 andacia
1394 4654 1560 4722 condens'
