3884 5634
863 623 1086 689 ..29-

382 800 534 883 pendisse
557 799 629 881 ipse
654 801 741 879 dicit,
764 819 829 866 non
843 801 961 881 plane,
987 806 1023 866 ut
1047 800 1207 884 Moerum,
1222 807 1341 882 poetae
1361 802 1557 885 neglegenti

381 908 556 990 imputem,
581 907 639 973 sed
661 908 811 988 equidem
839 927 881 973 ex
904 908 953 973 eis
986 908 1175 974 concludam
1199 908 1342 975 Statium
1377 928 1440 975 nou
1473 908 1556 975 satis

381 1013 483 1079 fuisse
507 1032 619 1094 parem
643 1014 759 1083 labori.
782 1051 825 1062 -

472 1120 579 1186 Aliter
603 1122 665 1186 hac
688 1121 721 1187 in
745 1141 782 1188 re
806 1124 847 1187 de
869 1121 970 1188 Silvis
994 1121 1183 1189 iudicamus.
1230 1123 1325 1207 Quod
1348 1121 1434 1189 enim
1457 1129 1556 1203 poeta

382 1228 416 1294 in
441 1227 492 1293 his
516 1228 640 1311 eclogis
663 1230 751 1295 haud
775 1229 871 1296 dubie
894 1249 958 1296 uon
982 1249 1057 1296 raro
1090 1251 1126 1297 se
1148 1232 1286 1312 praebet
1318 1233 1557 1315 neglegentem,

384 1336 475 1402 cuius
499 1335 548 1401 rei
572 1338 723 1417 exempla
746 1337 862 1403 attulit
876 1338 916 1403 Η.
932 1337 1050 1403 Miiller
1064 1338 1096 1419 (l.
1122 1340 1142 1403 l.
1166 1359 1195 1420 p.
1210 1338 1230 1404 5
1246 1341 1313 1420 su),
1336 1339 1422 1405 hanc
1444 1341 1556 1422 negle-

382 1444 528 1527 gentiam
551 1443 660 1525 potius
684 1445 714 1509 ei
739 1462 809 1511 esse
843 1446 1089 1510 condonandam
1121 1451 1208 1526 puto.
1255 1446 1338 1511 Nam
1371 1465 1555 1526 quanquam

383 1570 447 1616 nou
472 1556 522 1616 est
546 1550 698 1629 dubium,
727 1551 809 1631 'quin
833 1550 962 1618 Statius
995 1590 1038 1599 -
1070 1552 1103 1617 id
1137 1553 1221 1634 quod
1252 1552 1320 1619 Leo
1345 1553 1377 1637 (l.
1403 1555 1423 1618 l.
1447 1574 1477 1636 p.
1503 1552 1555 1638 10)

382 1658 452 1724 iure
476 1677 515 1724 ac
537 1658 654 1724 merito
678 1659 914 1742 pronuntiavit,
938 1659 1022 1724 nihil
1045 1658 1079 1725 iu
1102 1661 1265 1741 publicum
1289 1660 1444 1745 emiserit,
1468 1651 1556 1741 duod

383 1785 446 1830 non
472 1765 662 1856 perrectum„
677 1767 718 1832 ab
742 1771 816 1831 arte
839 1766 909 1849 ipse
931 1766 1104 1851 habuerit,
1137 1787 1322 1849 quanquam
1345 1769 1434 1833 haud
1458 1769 1554 1835 dubie

382 1872 455 1955 ipse
477 1892 649 1954 ,nunquam
672 1874 783 1939 limam
808 1874 1003 1955 deprecatus
1038 1881 1144 1958 esset,
1176 1876 1204 1941 si
1236 1875 1308 1942 eius
1340 1875 1555 1942 severitatem

382 1998 503 2046 revera
525 1980 748 2059 extimuisset,
771 1987 879 2047 tamen
904 2000 963 2047 nos
984 1982 1115 2061 quidem
1129 1982 1256 2049 omnino
1271 2001 1334 2049 non
1351 1983 1556 2066 admiremur,

383 2087 471 2167 quod
494 2088 641 2154 carmina
663 2089 723 2154 illa
747 2107 844 2169 qnam
868 2088 1039 2155 celerrime
1063 2095 1220 2156 contexta
1243 2110 1307 2157 non
1331 2110 1467 2172 prorsus
1490 2110 1554 2156 om·

383 2193 478 2260 nibus
502 2196 534 2260 in
558 2196 657 2261 rebus
682 2195 798 2262 limata
821 2215 891 2262 esse
915 2196 1078 2262 videntur.
1102 2235 1146 2244 -
1169 2198 1269 2264 Immo
1288 2216 1366 2265 vero
1385 2198 1415 2264 si
1429 2216 1556 2280 semper

383 2302 586 2367 celeritatem
610 2302 830 2388 respiciemus,
854 2323 912 2374 nos
925 2304 1026 2370 etiam
1039 2324 1124 2371 nunc
1142 2305 1348 2371 laudabimus
1362 2304 1554 2372 facultatem

384 2409 455 2475 eius
479 2411 742 2493 extemporalem,
759 2411 851 2476 illam
866 2412 1019 2494 ,gratiam
1035 2412 1234 2492 celeritatis,
1249 2431 1314 2494 qua
1328 2414 1413 2494 quod
1428 2412 1555 2479 Statius

386 2517 554 2598 gloriatur,
578 2537 642 2584 non
666 2518 856 2600 vituperem.
1131 2533 1134 2537 ’

472 2625 539 2690 Iam
563 2626 663 2691 liceat
686 2625 763 2691 mihi
798 2625 838 2691 de
872 2626 995 2709 eclogis
1028 2625 1219 2707 quibusdam
1238 2625 1333 2708 ..ipsis
1365 2627 1555 2694 accuratius

386 2750 490 2816 agere,
514 2739 550 2799 ut
574 2733 682 2801 Silvas
705 2732 833 2800 omnino
858 2735 984 2800 rectius
1007 2733 1238 2817 intellegamus
1253 2737 1353 2814 atque
1367 2732 1554 2800 iudicemus.

471 2840 569 2906 Haud
592 2842 690 2933 dubie
714 2840 893 2907 Kerckhoff
902 2840 923 2923 ¹)
956 2842 1061 2909 verba
1092 2840 1215 2907 faciens
1249 2842 1288 2907 de
1322 2840 1554 2907 dissertatione

381 2946 575 3030 Ruedigeri,
599 2949 654 3029 qui
676 2947 863 3015 accuratius
897 2949 987 3033 egit,
1011 2949 1116 3030 qualis
1148 2948 1295 3023 condicio
1327 2948 1555 3014 intercesserit

381 3055 470 3121 inter
493 3061 625 3137 poetam
649 3061 685 3120 et
708 3075 772 3137 eos,
798 3055 841 3121 ad
864 3075 943 3136 quos
968 3058 1103 3139 eclogas
1126 3055 1243 3139 mittit,
1265 3055 1336 3122 iure
1369 3074 1408 3122 ac
1440 3055 1555 3121 merito

382 3181 438 3247 ea,
462 3181 544 3242 quae
568 3162 597 3229 is
621 3162 835 3242 concluserit,
860 3182 924 3229 non
948 3168 1017 3229 tam
1040 3182 1081 3230 ex
1105 3164 1261 3245 epithetis
1284 3162 1350 3229 illis
1383 3182 1466 3244 quae
1499 3181 1555 3230 vo·

382 3274 499 3335 cantur
511 3323 521 3357 ,
552 3289 649 3352 quam
682 3290 723 3336 ex
754 3269 828 3351 ipsa
856 3270 983 3351 indole,
1002 3289 1105 3351 uuam
1128 3271 1163 3337 in
1186 3270 1323 3354 siugulis
1355 3270 1556 3336 carminibus

382 3376 593 3459 inveniamus,
619 3376 705 3443 effici
729 3384 857 3443 censet:
881 3396 961 3444 sane
983 3380 1037 3443 vel
1063 3397 1104 3444 ex
1127 3378 1198 3461 ipsa
1221 3378 1331 3444 indole
1355 3377 1558 3461 singularum

384 3486 570 3568 eclogarum
595 3484 777 3551 diiudicare
791 3473 968 3571 possumus,
985 3485 1057 3566 quis
1071 3486 1104 3550 in
1119 3485 1282 3552 fautorum
1298 3485 1399 3551 Statii
1414 3504 1556 3563 numero,
1574 3541 1576 3545 ,

387 3591 457 3669 quis
479 3591 513 3658 in
536 3592 715 3658 amicorum
738 3592 782 3659 sit
805 3593 984 3659 habendus.

472 3698 518 3764 Et
542 3701 684 3782 opineris
707 3718 812 3784 paene
836 3720 901 3767 non
926 3701 1063 3766 eundem
1077 3705 1207 3782 poetam
1231 3699 1291 3764 illa
1306 3698 1454 3765 carmina
1468 3699 1557 3766 iuter

384 3824 419 3870 se
442 3810 510 3872 tam
534 3807 665 3873 diversa
688 3807 874 3875 confecisse.
897 3846 941 3856 -

474 3914 585 3980 Veluti
610 3916 686 3982 vide
711 3916 763 3998 sis,
787 3923 989 3999 quantopere
1011 3915 1099 3981 inter
1122 3933 1158 3980 se
1191 3914 1380 3996 discrepent
1402 3914 1555 3993 Silv.1‚3

384 4026 419 4085 et
442 4022 493 4105 Il,
517 4024 556 4105 2,
579 4023 614 4087 in
647 4021 762 4103 quibus
796 4024 895 4090 villae
928 4023 1087 4103 quaedam
1119 4022 1357 4092 describuntur.
1412 4021 1555 4105 Quarum

384 4133 524 4209 utraque
547 4131 581 4196 in
605 4131 717 4212 ecloga
740 4128 865 4196 Statius
880 4132 953 4212 plus
967 4129 1113 4195 minusve
1125 4127 1152 4214 ²)
1166 4134 1218 4194 est
1233 4134 1364 4195 secutus
1378 4133 1555 4212 praecepta

385 4236 640 4319 descriptionum
663 4236 836 4302 rhetorica.
883 4235 962 4318 Quis
986 4243 1095 4302 autem
1119 4242 1184 4319 est,
1209 4236 1287 4316 quin
1309 4236 1391 4302 illud
1424 4241 1554 4318 poetam

385 4343 537 4410 dedicare
560 4343 683 4411 fautori
707 4343 847 4427 sentiat,
881 4361 976 4424 quem
1008 4345 1096 4409 haud
1129 4344 1225 4409 dubie
1254 4340 1364 4427 magni
1397 4342 1557 4419 aestimet,

383 4450 444 4516 hoc
467 4451 660 4533 parentibus
683 4450 803 4518 amici?

476 4594 496 4662 ¹)
516 4592 743 4647 Wochenschrift
761 4593 806 4646 fdr
823 4593 857 4649 cl.
876 4591 950 4645 Phil.
970 4592 1050 4647 1889.
1069 4610 1096 4661 p.
1115 4592 1178 4646 239.

474 4680 550 4751 ²)cf.
570 4681 672 4736 Vollm.
691 4702 718 4752 p.
738 4684 798 4738 263.
