3884 5634
864 641 1064 703 ..9-

376 814 427 880 111
445 814 576 897 saepius
596 835 713 882 nomen
732 816 826 882 Jovis
838 814 864 901 1)
883 818 948 894 dat,
971 817 1140 883 subaudiri
1160 817 1384 884 Statiumnon
1409 817 1550 885 noluisse

375 921 453 988 mihi
487 923 645 1002 persuasi.
699 922 797 1006 Quid,
831 925 917 1004 qnod
950 929 1066 1005 postea
1097 943 1139 990 ne
1171 925 1319 991 Vollmer
1354 925 1483 1006 quidem
1516 924 1549 991 in

375 1030 590 1096 adnotatione
613 1031 651 1108 V,
675 1031 704 1108 3,
734 1029 903 1097 1331111.
936 1034 975 1113 (p.
1001 1032 1078 1113 543)
1110 1036 1241 1119 poetam
1274 1032 1422 1113 quamvis
1454 1038 1551 1098 caute

375 1142 516 1218 utroque
545 1139 617 1203 loco
639 1136 828 1220 significare
852 1138 1073 1204 Domitianum
1107 1138 1273 1221 negavit?
1319 1139 1423 1223 Quam
1447 1139 1551 1223 indig-

375 1245 514 1312 nitatem
543 1264 614 1310 cum
638 1243 821 1328 videamus,
853 1246 947 1312 nobis
980 1246 1106 1329 fingere
1138 1265 1315 1327 possumus,
1348 1265 1411 1326 quo
1443 1246 1550 1312 animo

376 1352 478 1418 fuerit
491 1352 629 1436 Statius,
649 1352 700 1418 cui
720 1358 879 1435 tyrannus
897 1353 932 1419 in
950 1353 1009 1419 illo
1033 1371 1138 1435 agone
1161 1372 1225 1419 non
1240 1352 1381 1437 faverat,
1403 1353 1551 1419 scribens

376 1460 410 1525 in
435 1458 578 1525 carmine
601 1459 644 1526 ad
666 1460 889 1526 Abascantum
913 1461 1009 1556 misso
1032 1461 1083 1543 (V,
1109 1459 1142 1545 1)
1165 1480 1196 1527 v.
1223 1462 1285 1526 143
1305 1479 1353 1540 sq.
1375 1460 1475 1526 haec:

483 1567 547 1643 ,Nil
571 1572 737 1645 maestum,
770 1568 847 1649 qnid
872 1569 964 1651 enim,
997 1567 1145 1649 quamvis
1172 1567 1273 1633 infida
1295 1567 1444 1648 levisque

485 1673 627 1739 Caesare
650 1679 725 1739 tam.
743 1675 859 1739 dextro
883 1681 995 1757 posset
1019 1675 1167 1740 Fortuna
1190 1673 1336 1741 timeri?‘

468 1781 576 1865 Quare
609 1780 671 1847 etsi
703 1787 888 1864 propterea,
922 1783 1008 1862 quod
1041 1782 1169 1863 saepius
1192 1782 1299 1847 Albae
1321 1782 1411 1847 illum
1435 1782 1551 1853 vicisse

309 1964 312 1969 ,
380 1890 512 1955 credere
545 1907 723 1972 possumne,
755 1907 819 1954 nnn
852 1888 922 1955 sine
946 1888 1017 1955 nlla
1041 1889 1248 1955 dubitatione
1259 1887 1283 1973 ²)
1307 1909 1348 1954 ex
1370 1885 1430 1968 ΙΠ,
1454 1892 1484 1974 5,
1508 1890 1549 1979 31

379 2002 414 2063 11
428 1996 468 2078 V,
488 1997 518 2076 3,
542 1997 605 2061 231
631 2015 676 2076 sq.
701 1994 843 2061 efficitur
866 1998 1032 2077 repulsam
1056 1981 1274 2079 Capitolinam
1298 2002 1372 2077 post
1396 1996 1553 2063 victorias
1628 2049 1630 2052 .

378 2105 525 2169 Albanas
543 2102 652 2196 111111,
676 2109 787 2169 tamen
812 2122 884 2169 mea
908 2104 1036 2184 quidem
1060 2104 1315 2170 111111111-111
1338 2110 1390 2169 est
1412 2104 1553 2188 dubium,

380 2212 457 2291 quin
481 2209 606 2278 Statius
639 2216 715 2291 post
746 2210 836 2276 illam
872 2211 1008 2292 cladem,
1043 2229 1139 2291 qnam
1163 2215 1256 2277 tanto
1280 2230 1379 2294 opere
1402 2211 1553 2294 indigna-

379 2322 488 2402 batur,
510 2318 628 2384 iterum
651 2317 778 2384 libidini
801 2317 934 2401 tyranni
958 2335 1030 2384 sese
1054 2337 1118 2383 non
1141 2318 1311 2384 obtulerit.

469 2425 635 2491 Vollmero
668 2431 779 2491 tamen
812 2424 954 2491 Statium
987 2445 1015 2490 a.
1045 2426 1074 2489 d.
1102 2425 1188 2490 XIV.
1216 2425 1291 2491 Kal.
1320 2425 1424 2506 April.
1452 2444 1481 2491 a.
1509 2427 1554 2492 90

382 2534 485 2598 Albae
509 2551 581 2598 esse
610 2534 764 2612 adeptum
788 2532 961 2599 victoriam
993 2531 1196 2619 existimanti
1220 2531 1397 2599 verisimile
1420 2532 1554 2598 videtur

382 2643 423 2723 (p.
448 2642 501 2721 19)
538 2645 668 2721 poetam
705 2640 883 2723 praemium
917 2638 1126 2722 Capitolinae
1163 2639 1393 2706 commissionis
1426 2640 1553 2722 assequi

381 2766 451 2814 esse
484 2752 643 2831 conatum,
677 2766 748 2814 cum
780 2748 894 2814 statim
926 2753 1001 2829 post
1024 2747 1185 2813 Albanam
1209 2746 1381 2813 victoriam
1404 2748 1437 2813 in
1461 2748 1553 2814 illum

381 2874 520 2938 agonem
555 2854 711 2935 prodiret.
757 2855 806 2919 Ac
838 2854 975 2935 primum
1009 2854 1136 2935 quidem
1169 2853 1204 2918 id
1237 2853 1408 2920 confestim
1441 2861 1556 2921 contra

382 2962 486 3028 dicam
519 2961 598 3028 mihi
631 2961 761 3043 quidem
794 2963 850 3027 vel
883 2980 942 3043 per
973 2980 1009 3026 se
1041 2980 1106 3027 non
1138 2961 1219 3026 satis
1248 2960 1426 3027 verisimile
1449 2961 1555 3029 videri

382 3069 535 3153 Statium,
567 3068 688 3151 quippe
712 3069 768 3150 qui
791 3069 856 3135 illis
880 3068 1081 3149 temporibus
1105 3073 1281 3149 praeterea
1305 3087 1437 3150 operam
1462 3070 1556 3136 daret

383 3176 544 3243 Thebaidi
576 3176 804 3260 perficiendae,
837 3176 948 3242 eodem
982 3194 1065 3241 anno
1098 3175 1148 3241 bis
1177 3175 1211 3240 in
1235 3194 1356 3259 agones
1378 3179 1556 3258 procedere

383 3304 491 3351 ausum
517 3302 607 3366 esse,
639 3283 805 3349 mensibus
824 3284 945 3348 Martio
975 3280 1460 3365 alqueJuni0³)‚praese1·tim
1486 3303 1556 3349 cum
1582 3282 1586 3293 “

382 3411 467 3476 agon
492 3397 527 3457 et
551 3391 653 3458 maior
677 3397 711 3457 et
739 3375 875 3474 gravior
907 3397 1111 3470 sequeretur.
1158 3390 1251 3474 Quod
1275 3395 1384 3456 autem
1410 3391 1557 3458 Vollmer

382 3520 412 3581 p.
438 3500 504 3585 19„
533 3498 647 3581 pergit
669 3498 730 3565 hoc
752 3499 864 3565 modo:
911 3499 1153 3583 Anaunehmen,
1186 3498 1240 3564 die
1272 3500 1404 3581 repulsa
1436 3499 1483 3564 sei
1515 3499 1557 3564 im

382 3608 404 3672 J
407 3608 488 3672 abre
511 3608 555 3672 94
579 3606 702 3690 e1·folgt
734 3609 801 3673 und
831 3606 878 3673 St.
907 3606 990 3672 habe
1018 3607 1223 3689 ihretwegen
1247 3606 1310 3673 1111
1334 3606 1452 3673 Florus
1475 3608 1556 3673 Rom

384 3715 561 3797 variamen,
594 3715 699 3780 baben
728 3714 790 3779 wir
816 3733 878 3797 gar
906 3713 1027 3778 keinen
1052 3712 1176 3780 Grund.
1222 3713 1421 3779 Schwerlich
1444 3713 1557 3780 wdrde

384 3820 441 3899 St,
464 3821 621 3887 nachdem
642 3841 679 3887 er
697 3824 741 3887 94
754 3841 789 3887 so
805 3820 1044 3886 demonstrativ
1057 3821 1127 3885 sein
1143 3820 1389 3886 Gekritnktsein
1408 3822 1558 3903 bezeugt,

383 3929 425 3993 im
457 3926 635 4009 folgenden
668 3929 691 3995 J
693 3929 772 3994 alne
804 3928 876 3994 drei
909 3927 1072 3994 Gedichte
1103 3941 1165 3992 zur
1190 3927 1469 4011 Verberrlichung
1501 3930 1557 3993 des

384 4035 520 4101 Kaisers
561 4035 707 4102 11111111
749 4036 868 4114 haben,
916 4042 1101 4117 quanquam
1145 4054 1184 4100 ea
1225 4055 1261 4100 re
1300 4035 1403 4116 primo
1440 4036 1557 4101 obtutu

385 4142 551 4210 dubitatio
575 4143 669 4210 nobis
688 4143 812 4210 moveri
832 4143 977 4227 videtur,
1001 4149 1121 4228 tamem
1144 4143 1172 4209 si
1195 4143 1382 4209 accuratius
1405 4143 1556 4222 inspexe-

384 4252 494 4335 rimus,
516 4252 607 4319 illius
630 4252 828 4319 sententiam
853 4252 962 4317 iacere
985 4250 1223 4334 intellegemus.
1265 4250 1342 4317 Cum
1367 4250 1453 4316 enim
1478 4248 1558 4317 Silv.

396 4451 399 4457 -
457 4412 478 4478 ¹)
498 4411 533 4467 11.
554 4412 700 4481 Ruediger.
720 4410 891 4476 Quibuscum
905 4410 973 4464 viris
987 4410 1073 4464 fuerit
1084 4409 1174 4463 Statio
1186 4412 1286 4479 poetae
1304 4426 1369 4463 usus
1389 4407 1558 4462 consuetudo

386 4496 573 4556 familiaritas.
610 4500 679 4555 Diss.
700 4501 843 4570 Marburg.
883 4501 959 4555 1887,
997 4518 1024 4569 p.
1043 4501 1068 4554 6.

455 4591 477 4661 ²)
497 4591 532 4645 cf.
550 4590 675 4645 Vollmer
693 4610 720 4660 p,
742 4592 807 4660 191,
1312 4624 1314 4627 -

456 4681 478 4753 3)
498 4680 532 4734 ci.
553 4679 757 4734 Friedlaender.
778 4677 970 4747 ,Sittengesob
990 4676 1081 4731 Roms‘
1099 4677 1145 4743 11⁵,
1165 4678 1238 4746 437,
