3884 5634
814 602 945 667 -25
995 639 1033 649 .-

334 778 432 832 mariti
464 778 494 832 in
522 777 596 831 bello
625 777 746 831 Troiano
775 780 840 831 sunt
867 779 980 832 versati.
1038 778 1135 832 'Palem
1163 778 1238 831 enim
1272 777 1392 832 Statium
1422 779 1513 833 dicere

335 867 456 923 voluisse
475 867 621 921 mulierem
640 866 710 920 mihi
728 867 862 936 persuasi.
898 867 1001 946 ¹Utrum
1020 870 1113 922 autem
1132 867 1181 921 ille
1200 883 1323 937 uxorem,
1344 868 1377 921 de
1397 884 1454 937 qna
1471 868 1518 923 nil.

334 958 445 1024 scimus,
471 956 654 1023 Philoctetae,
684 956 763 1009 cuius
791 956 924 1027 oppidum
953 960 1014 1010 erat
1033 957 1179 1026 Meliboea,
1207 974 1257 1027 per
1276 974 1393 1011 errorem
1413 957 1512 1014 dixerit

335 1047 511 1113 Meliboeam,
531 1044 637 1098 analio
651 1060 741 1099 errore
760 1044 889 1098 seductus
908 1063 1008 1100 nomen
1024 1046 1179 1102 Meliboeae
1195 1045 1239 1100 illi
1257 1046 1404 1101 mulierum
1423 1047 1514 1101 ordini

335 1134 493 1202 inseruerit,
513 1151 568 1190 non
587 1133 645 1187 iam
664 1135 757 1203 potest
776 1132 933 1190 diiudicari.
948 1166 977 1176 -
1001 1135 1043 1189 Ex
1061 1135 1122 1191 loco
1141 1138 1236 1190 nostro
1255 1136 1284 1189 id
1304 1136 1418 1205 quidem
1438 1139 1513 1191 certo

336 1227 407 1282 mihi
437 1226 547 1281 videtur
579 1223 653 1278 effici
693 1223 815 1278 Statium
854 1242 910 1279 non
953 1226 994 1279 ita
1030 1225 1116 1296 plane
1148 1226 1270 1296 pendere
1301 1242 1335 1280 ex
1367 1225 1514 1281 rhetoricis

337 1316 505 1386 quibusdam
533 1314 699 1384 praeceptis.
746 1312 817 1367 Nam
845 1314 919 1383 quod
943 1315 1067 1369 Vollmer
1094 1336 1123 1386 p.
1152 1317 1216 1373 432.
1232 1315 1400 1385 pronuntiat
1427 1315 1513 1370 haec:

337 1406 402 1460 Hier
420 1404 494 1474 folgt
512 1403 551 1459 St.
575 1403 700 1457 offenbar
723 1403 800 1457 einer
823 1403 935 1457 solchen
954 1404 1043 1471 Liste,
1072 1405 1117 1459 die
1136 1404 1244 1459 Frauen
1263 1422 1318 1459 von
1335 1404 1444 1459 Helden
1464 1421 1513 1459 aus

338 1496 401 1549 dem
420 1492 618 1548 Troianischen
637 1492 740 1564 Krisge
759 1492 908 1559 aufzthlte,
929 1510 979 1546 nos
1002 1510 1057 1546 non
1081 1510 1161 1564 posse
1185 1494 1270 1565 plane
1293 1494 1322 1547 in
1342 1495 1401 1549 eius
1420 1497 1512 1565 partes

338 1586 468 1641 accedere
487 1582 616 1652 equidem
636 1581 728 1635 credo.
766 1581 836 1635 Nam
864 1600 931 1635 num
959 1583 1072 1636 tandem
1101 1585 1143 1637 est
1169 1584 1385 1637 existimandum
1399 1584 1439 1638 iu
1457 1582 1509 1637 tali

338 1675 431 1729 indice
458 1671 625 1727 scholastico
655 1670 739 1726 fuisse
758 1670 926 1725 Meliboeam
949 1673 1085 1739 quoque‘?
1113 1672 1157 1727 vel
1175 1672 1200 1726 si
1218 1673 1291 1727 illud
1310 1689 1410 1727 nomen
1429 1690 1463 1726 ex
1481 1690 1515 1726 ea

338 1781 367 1818 re
396 1763 562 1830 declaratur,
591 1761 666 1829 quod
694 1760 801 1814 Statius
828 1760 858 1814 id
886 1759 1013 1815 confudit
1041 1776 1104 1814 curn
1132 1762 1236 1832 oppido
1261 1762 1310 1817 illo
1331 1763 1514 1831 Philoctetae,

338 1872 405 1912 num
433 1869 578 1922 possumus
606 1853 705 1921 putare
738 1847 851 1903 omnino
881 1849 940 1903 ullo
971 1848 1054 1904 modo
1086 1850 1127 1904 ibi
1154 1851 1239 1905 fuisse
1269 1856 1515 1906 commemoratum

338 1942 533 2008 Philoctetam,
563 1940 596 1994 de
625 1939 704 1994 cuius
731 1956 816 1993 uxore
844 1937 884 1992 nil
913 1939 1058 1993 sciamns‘?
1105 1938 1185 2004 Quod
1212 1957 1294 2010 porro
1322 1942 1445 2011 pertinet
1478 1941 1515 1995 ad

339 2031 482 2103 Aegialen,
511 2031 545 2084 de
564 2029 641 2084 cuius
660 2029 714 2084 fide
741 2028 834 2083 nullus
853 2028 924 2085 alius
943 2031 1028 2098 poeta
1046 2031 1150 2097 narrat,
1173 2046 1235 2084 eam
1264 2030 1378 2101 ipsoex
1395 2032 1515 2086 Homero

327 2120 502 2192 'cognovisse
532 2120 641 2191 ingenti
669 2119 720 2173 illa
747 2135 804 2187 qua
826 2119 958 2173 utebatur
977 2117 1097 2172 lectione
1116 2118 1239 2173 Statium
1259 2120 1388 2189 equidem
1408 2120 1514 2191 opinor.

339 2212 453 2265 Prorsus
473 2212 566 2264 autem
585 2209 696 2263 videtur
715 2208 766 2262 illa
784 2208 871 2262 infida
889 2224 947 2263 esse
966 2208 1044 2261 dicta
1062 2208 1171 2263 inludo
1185 2209 1330 2279 rhetorico,
1350 2212 1382 2263 nt
1398 2209 1515 2264 Ovidius

340 2317 459 2369 quoque,
488 2302 548 2353 arte
565 2298 704 2352 rhetorica
722 2298 853 2366 nutritus,
882 2298 916 2364 ei,
941 2298 978 2351 ad
996 2315 1079 2365 quem
1098 2298 1177 2352 illam
1193 2299 1352 2369 epistulam,
1381 2299 1515 2367 quaein·

340 2390 471 2444 scribitur
489 2388 553 2457 lbis,
573 2388 671 2457 mittit,
691 2387 795 2441 malum
814 2389 895 2455 optat
912 2386 957 2439 his
977 2386 1071 2441 verbis
1089 2405 1115 2441 v.
1133 2389 1186 2442 347
1207 2405 1265 2456 sq.:

554 2512 604 2549 nec
624 2495 677 2548 tibi
697 2494 843 2564 contingat
862 2496 990 2547 matrona
1009 2495 1138 2563 pudicior
1155 2495 1215 2562 illa,

556 2602 613 2653 qua
631 2584 724 2655 potuit
742 2583 852 2653 Tydeus
871 2581 1013 2637 erubuisse
1033 2602 1111 2638 nuru.
1132 2616 1166 2625 —

383 2772 386 2776 V
435 2693 582 2761 Ceterum
615 2712 694 2759 saue
727 2694 966 2760 concedendum
999 2699 1052 2759 est
1074 2700 1204 2778 poetam
1227 2694 1261 2760 in
1285 2692 1515 2777 mythologicis

343 2804 440 2869 rebus
472 2821 702 2882 nonuunquam
736 2822 861 2882 errare,
894 2802 986 2868 cuius
1019 2802 1068 2866 rei
1100 2808 1137 2868 ut
1167 2801 1348 2883 exemplum
1372 2799 1515 2884 alioruin,

342 2909 592 2977 commonefacio
610 2909 645 2975 id
663 2927 798 2993 quoque,
822 2910 907 2991 quod
925 2911 1012 2994 haud
1030 2909 1126 2975 dubie
1137 2908 1366 2991 Hippocrenen
1385 2906 1517 2992 fontan,

341 3018 396 3100 qui
441 3018 476 3083 in
523 3016 698 3100 Helicone,
744 3036 814 3083 curn
856 3018 977 3082 Pirene
1022 3015 1130 3097 fonte,
1176 3015 1231 3096 qni
1273 3021 1324 3082 est
1361 3014 1518 3095 Corinthi,

343 3125 521 3192 confundit.
535 3123 558 3210 ¹)

432 3233 525 3317 Quid,
549 3232 634 3314 quod
657 3232 751 3297 —id
774 3234 860 3312 quod
884 3232 991 3298 obiter
1010 3232 1127 3297 addam
1152 3270 1193 3278 -
1220 3231 1356 3297 eundem
1381 3232 1518 3312 quodam

343 3344 416 3407 loco
450 3340 583 3425 (Achill.
606 3340 649 3419 H,
672 3339 707 3423 3)
740 3357 852 3405 errore
885 3357 955 3405 esse
989 3341 1159 3420 deceptum
1192 3338 1339 3404 videmus
1372 3337 1406 3402 in
1440 3356 1517 3420 geo-

343 3447 512 3533 graphicis
545 3465 669 3528 quoque
703 3447 808 3531 rebus,
841 3446 874 3512 id
898 3446 982 3527 quod
1006 3446 1129 3529 primus
1152 3445 1286 3511 detlin
1319 3444 1450 3529 (Philol.
1474 3446 1518 3510 35

347 3577 376 3636 p.
401 3556 478 3637 533)
504 3554 747 3620 animadvertit.
772 3593 813 3601 -

434 3664 483 3729 Ut
505 3662 598 3728 uobis
621 3680 746 3727 summa
765 3661 874 3728 cautio
890 3667 963 3727 erat
978 3660 1163 3726 adhibenda
1179 3658 1360 3724 dicentibus
1376 3659 1519 3724 Statium

345 3771 438 3851 sequi
475 3770 687 3836 scholasticos
724 3772 879 3851 quosdam
916 3768 1211 3852 mythologicarum
1243 3784 1352 3832 rerum
1387 3766 1520 3850 indices,

346 3879 397 3943 ita
420 3880 459 3942 de
483 3878 545 3943 hac
568 3896 613 3957 re,
638 3896 721 3958 quae
745 3878 899 3958 sequitur,
923 3881 1019 3942 caute
1043 3874 1229 3940 iudicemus.

436 3985 530 4069 Quod
543 3990 642 4066 poeta
657 3985 691 4050 in
703 3984 867 4051 Silvarum
880 3984 1037 4049 celeriter
1047 3983 1287 4048 condendarum
1298 3981 1519 4062 dispositioni·

345 4095 406 4158 bus
422 4098 456 4158 et
471 4092 707 4159 sententiarum
721 4090 913 4158 inventione
928 4091 961 4155 in
978 4109 1068 4156 usum
1083 4089 1223 4155 contulit
1239 4108 1279 4155 ea
1298 4108 1382 4170 quae
1398 4090 1519 4155 inludo

346 4200 510 4265 rhetorico
535 4204 744 4281 cognoverat,
767 4216 831 4262 non
855 4203 915 4281 est,
939 4203 1028 4282 puto,
1052 4198 1136 4277 quod
1160 4197 1364 4262 admiremur.

435 4307 482 4372 Et
518 4306 663 4374 Vollmer
673 4304 696 4388 ²)
741 4304 861 4387 optime
907 4309 942 4370 et
985 4303 1237 4387 diligentissime
1279 4304 1520 4370 demonstravit

438 4486 461 4554 1)
481 4485 515 4537 cl.
535 4483 603 4538 Silv.
622 4483 656 4548 Il,
676 4483 701 4549 7,
719 4483 745 4550 4,
765 4481 851 4535 Theb.
869 4480 919 4542 IV.
938 4481 973 4537 60
992 4483 1021 4535 et
1039 4479 1142 4534 Vollm.
1162 4499 1190 4551 p.
1209 4482 1271 4535 374.

437 4572 458 4642 Ι)
478 4573 512 4626 of.
532 4572 620 4627 veluti
643 4571 847 4638 adnotationes,
872 4588 942 4640 quas
961 4570 1168 4626 commentariis
1186 4570 1359 4641 singularum
1374 4569 1521 4639 praemisit

338 4662 509 4733 eclogarum
528 4662 548 4730 Ι,
568 4665 593 4731 1,
612 4665 637 4732 2,
655 4664 682 4732 3,
704 4662 738 4724 ll,
759 4662 782 4729 l,
801 4662 848 4728 ΙΙΙ,
867 4663 892 4716 2,
