3884 5634
865 608 1198 701 -so-,

474 784 578 850 Porro
602 803 824 864 comparemus
846 785 888 865 II,
914 788 931 850 1
958 791 994 851 et
1017 785 1059 865 Π,
1082 786 1118 851 6.·

473 908 534 973 His
557 909 591 974 in
616 909 890 976 consolationibus
913 928 992 975 sane
1016 910 1150 976 adhibet
1172 911 1289 981 sinoce
1303 914 1456 992 quosdam
1471 914 1558 992 apud

385 1015 534 1081 rhetores
566 1018 751 1099 sollemnes,
775 1018 814 1082 de
846 1017 962 1097 quibus
987 1017 1134 1083 Vollmer
1156 1038 1186 1098 p.
1210 1019 1275 1083 316
1299 1037 1345 1098 sq.
1370 1018 1447 1100 egit.
1493 1018 1558 1083 Sed

386 1141 455 1188 cum
489 1123 585 1189 huius
618 1123 778 1207 carminis,
807 1124 892 1204 quod
930 1125 972 1189 ad
1005 1124 1155 1191 Flavium
1179 1124 1299 1189 Ursum
1332 1129 1431 1205 poeta
1462 1125 1558 1207 misit,

386 1230 489 1294 verbu
512 1230 595 1296 satis
619 1231 775 1313 languida
799 1237 833 1295 et
859 1230 984 1313 frigida
1016 1250 1086 1297 esse
1118 1231 1312 1313 videantur,
1336 1231 1439 1313 illud,
1471 1232 1557 1311 quod

385 1338 505 1403 Aledio
531 1337 658 1403 Meliori
682 1338 868 1403 dedicatum
894 1344 961 1417 est,
986 1338 1131 1404 Statium
1164 1337 1353 1403 consolandi
1386 1356 1486 1403 causa
1517 1357 1558 1403 ex

385 1444 513 1509 sincero
537 1444 645 1510 animo
670 1445 841 1528 scripsisse
865 1445 1030 1528 sentimus,
1045 1443 1071 1529 ¹)
1094 1446 1142 1510 ita
1165 1454 1203 1509 nt
1225 1443 1355 1528 illnm2)
1383 1445 1418 1511 in
1442 1452 1558 1526 poetae

384 1550 570 1618 fautoribus
594 1570 665 1617 esse
688 1552 889 1635 habendum,
923 1553 1008 1618 hunc
1040 1554 1072 1617 iu
1105 1553 1175 1618 eins
1207 1552 1392 1618 intimorum
1425 1571 1557 1617 numero

383 1645 483 1723 fnis'se
505 1659 746 1741 intellegamus.
794 1658 908 1739 Neque
932 1659 1016 1725 enim
1041 1661 1141 1726 solnm
1167 1662 1369 1739 lamentatur
1398 1660 1558 1740 docteque

385 1768 533 1845 queritur
558 1766 716 1832 Glauciae
741 1775 884 1843 mortem,
908 1767 967 1831 sed
991 1786 1069 1833 vere
1093 1767 1254 1832 consolari
1266 1765 1289 1853 3)
1313 1766 1378 1831 scit
1400 1765 1558 1848 intimum,

385 1892 456 1938 cum
480 1910 523 1921 -
546 1893 611 1939 non
634 1873 768 1956 ignarus
793 1892 847 1940 eos
867 1874 922 1954 qni
937 1876 1060 1940 suntin
1080 1876 1170 1940 lucto
1194 1892 1311 1956 magno
1325 1872 1411 1939 affici
1429 1874 1558 1955 gaudio,

385 1982 412 2046 si
436 1981 556 2047 mortui
579 1982 620 2047 ab
645 1980 720 2046 aliis
744 1980 997 2063 praedicantur,
1026 1982 1116 2061 ipsos
1140 2000 1235 2061 quam
1259 1980 1417 2063 plurimas
1440 1999 1493 2045 res
1516 1982 1557 2044 de

385 2088 431 2153 eis
464 2089 612 2168 quamvis
645 2090 802 2169 parvulas
835 2087 986 2169 accipere
1018 2090 1166 2169 pervelle
1201 2125 1239 2135 -
1276 2087 1410 2170 egregie
1443 2098 1557 2152 narrat

383 2215 414 2259 v.
439 2197 481 2262 39
502 2194 594 2281 sq.‚⁴)
629 2214 725 2277 quam
758 2195 893 2276 pulcher
924 2194 1026 2261 fuerit
1049 2214 1139 2277 puer,
1171 2201 1292 2276 quanto
1316 2214 1413 2277 opere
1438 2194 1559 2258 blande

387 2303 540 2369 Atedium
565 2303 736 2387 amaverit,
760 2302 837 2368 alia.
883 2302 984 2385 Legit
1006 2310 1116 2370 autem
1141 2322 1264 2368 summa
1288 2302 1417 2367 laetitia
1440 2301 1557 2367 iterum

384 2416 485 2490 atque
508 2410 637 2493 iterum,
661 2410 782 2494 opinor,
796 2409 923 2492 Melior,
947 2410 1094 2490 quamvis
1110 2418 1250 2477 maestus
1266 2427 1371 2492 paene
1386 2408 1558 2474 subridens

383 2517 458 2583 illos
479 2518 589 2583 dulces
614 2537 730 2583 versus
756 2519 819 2583 124
834 2536 898 2601 sq.,
923 2518 1041 2597 quibus
1064 2516 1191 2583 Statius
1220 2523 1287 2582 tam
1312 2535 1448 2583 amoene
1471 2535 1558 2581 com-

386 2624 721 2700 monefacitamicum
745 2627 848 2691 veluti
873 2626 943 2691 eius
966 2625 1022 2702 rei,
1046 2627 1130 2704 quod
1157 2680 1161 2686 .

518 2751 592 2834 ‚ium
616 2756 726 2815 tomen
750 2757 784 2814 et
807 2750 912 2815 validi
935 2768 1068 2833 gressus
1092 2768 1307 2830 mensuraque
1330 2749 1434 2815 maior

518 2856 659 2923 cultibus
684 2862 719 2922 et
742 2857 833 2922 visae
857 2875 957 2938 puero
982 2858 1167 2924 decrescere
1190 2859 1320 2925 vestes‘.

473 2982 512 3048 In
536 2982 561 3065 I,
586 2982 605 3047 5
638 2984 791 3048 balneum
824 2981 937 3048 dilecti
969 2982 1090 3049 sodalis
1117 2986 1160 3066 (v.
1184 2984 1237 3069 9),
1260 2982 1390 3049 Claudii
1423 2977 1556 3045 Etrusci

385 3088 538 3167 minoris,
561 3109 625 3156 non
649 3089 754 3155 minus
787 3090 941 3156 hilariter
973 3109 1067 3171 quam
1102 3097 1241 3157 venuste
1275 3091 1439 3171 celebrat;
1474 3086 1558 3154 coni.

384 3195 542 3277 imprimis
565 3216 593 3260 v,
619 3197 735 3261 1-29.
1321 3281 1323 3284 v

473 3303 595 3387 Quodsi
619 3302 789 3370 admireris
813 3302 961 3390 fortasse,
994 3308 1078 3386 quod
1102 3324 1230 3370 carmen
1254 3305 1317 3388 ΙΙΙ,
1340 3305 1370 3387 3,
1394 3310 1431 3369 nt
1453 3302 1558 3369 eidem

384 3410 498 3477 intimo
522 3411 625 3477 sodali
650 3409 833 3477 dedicatum
856 3431 920 3478 non
943 3413 992 3479 ita
1016 3399 1156 3493 undique
1180 3431 1250 3478 esse
1273 3411 1461 3493 perfectum,
1494 3429 1559 3476 non

474 3591 495 3657 ¹)
514 3588 594 3642 Hanc
612 3587 798 3642 differentiam
817 3589 891 3643 inter
909 3588 960 3642 illa
980 3589 1104 3642 carmina
1122 3605 1180 3642 esso
1199 3589 1256 3642 iam
1272 3588 1436 3642 Onrcionem
1449 3586 1559 3659 lStndio

383 3696 415 3732 sn
435 3679 464 3731 P.
484 3678 551 3749 Pap.
571 3677 673 3745 Studio,
693 3677 812 3732 Catonia
834 3680 912 3742 1893)
930 3697 958 3749 p.
979 3679 1029 3733 181
1049 3695 1089 3745 sq.
1109 3678 1225 3733 sensisse
1243 3678 1341 3732 video:

474 3767 495 3838 2)
514 3767 662 3837 Rnediger,
682 3768 731 3835 qui
749 3769 809 3821 sola
826 3767 952 3838 epitheta
971 3768 1001 3821 in
1021 3768 1078 3821 illis
1102 3768 1168 3823 viris
1196 3767 1388 3822 existimandis
1415 3766 1558 3833 adhibeat,

383 3857 424 3911 ila
442 3861 475 3911 nt
493 3875 549 3911 non
568 3858 635 3911 satis
655 3857 817 3928 cognovisse
836 3858 974 3926 videatur,
994 3857 1095 3925 quibus
1114 3857 1181 3911 viris
1199 3856 1326 3932 Flavium
1341 3856 1439 3910 Ursum
1456 3854 1557 3908 adscri-

383 3948 441 4016 bat,
472 3948 501 4015 (l.
520 3947 551 4017 1,)
569 3967 597 4018 p.
617 3950 669 4017 30,
697 3946 745 4001 ubi
774 3946 873 4001 ultimo
900 3947 963 4001 loco
992 3946 1076 4001 Statii
1104 3946 1381 4001 familiarissimorum
1409 3963 1473 4000 eum
1500 3960 1558 3998 esse

384 4037 454 4106 vult,
473 4038 602 4107 perhibet
620 4038 707 4091 haec:
727 4036 809 4091 Haud
829 4039 886 4092 scio
906 4056 941 4092 an
959 4037 1014 4090 hoc
1033 4035 1094 4090 loco
1109 4037 1252 4108 aptissime
1265 4038 1416 4106 adiungam
1431 4035 1556 4090 Flavium

383 4127 492 4195 Ursum,
511 4144 567 4195 qno
586 4144 729 4182 nnmerum
750 4144 853 4196 eorum,
873 4128 922 4195 qui
941 4126 1062 4181 aStatio
1082 4126 1213 4182 laudibus
1227 4128 1379 4181 laudantur
1391 4124 1556 4195 compleam.

473 4216 494 4286 3)
515 4216 565 4271 Vel
584 4234 617 4271 ex
636 4219 669 4283 ll,
690 4223 704 4273 1
723 4217 808 4287 plana
828 4217 949 4273 efficitur
967 4218 1120 4274 Claretium
1140 4217 1169 4287 (l.
1188 4217 1207 4271 l.
1227 4237 1253 4287 p.
1274 4219 1318 4287 19)
1337 4234 1392 4271 non
1411 4216 1479 4270 satis
1497 4216 1558 4269 iure

383 4308 413 4363 in
432 4308 591 4362 unIvarsum
611 4306 703 4362 dicere
722 4308 843 4362 Statium
864 4313 1017 4364 moerentes
1037 4308 1174 4367 consolari
1193 4308 1307 4361 minime
1327 4309 1443 4371 tentare,
1462 4306 1557 4372 eisque

384 4397 455 4450 nihil
476 4397 530 4451 nisi
550 4413 665 4451 canoros
684 4414 778 4452 versus
797 4398 903 4452 afferre.

471 4486 495 4556 4)
513 4486 634 4541 Statium
653 4507 678 4541 v.
699 4489 751 4541 119
765 4487 921 4557 significare
934 4488 1006 4543 velle
1026 4489 1071 4557 (of.
1087 4486 1187 4540 Vollm.
1203 4506 1230 4557 p.
1244 4488 1307 4556 329)
1321 4489 1412 4559 ipsum
1426 4461 1556 4545 Atedium

382 4576 426 4630 vel
445 4593 478 4632 ex
497 4594 530 4633 ea
548 4594 578 4631 re
596 4576 778 4647 intellegitur,
798 4578 873 4645 quod
891 4597 918 4633 v.
937 4579 989 4632 173
1009 4578 1032 4630 is
1051 4579 1100 4645 qui
1119 4576 1264 4631 Glauciam
1283 4579 1380 4648 genuit
1398 4578 1557 4650 appellatur

382 4667 501 4737 genitor.
521 4669 554 4722 cl.
575 4666 642 4724 Silv.
665 4667 696 4732 V,
715 4670 741 4734 5,
763 4669 802 4722 ll.
