3884 5634
869 580 1088 646 ..15-

386 759 461 827 Silv.
485 759 546 840 ΙΙΙ,
570 761 600 844 5,
623 759 658 825 ln
682 777 745 839 qno
769 758 999 824 ardentissime
1014 758 1157 840 patriam
1172 777 1265 825 suam
1285 759 1441 826 celebrat.
1486 759 1557 844 Quo

384 872 453 934 toto
477 867 629 945 carmine,
653 884 715 947 qno
738 885 881 949 uxorem,
905 885 988 947 qnae
1010 865 1152 932 fortasse
1166 867 1304 932 Romam
1327 885 1439 933 caram
1461 866 1561 933 habe-

382 976 451 1058 bat,
475 965 661 1058 alloquitur,
683 979 722 1040 ut
745 991 781 1039 se
804 972 978 1055 Neapolim
1003 974 1187 1057 comitetur,
1213 973 1291 1039 mihi
1314 980 1414 1055 poeta
1429 974 1559 1040 omuino

382 1084 570 1150 valedicere
593 1081 728 1148 videtur
760 1081 873 1147 amicis
900 1080 1072 1164 Romame,
1105 1080 1177 1147 urbi
1210 1081 1281 1164 ipsi,
1305 1082 1358 1148 cui
1390 1080 1561 1163 Neapolim

385 1190 525 1273 patriam
549 1207 641 1283 suam
660 1194 854 1271 praeponat.
900 1187 1027 1254 Similes
1043 1192 1153 1253 autem
1169 1188 1266 1254 animi
1281 1207 1405 1271 sensus,
1422 1189 1561 1255 similem

385 1297 642 1381 indignationem
676 1313 862 1377 expressam
894 1294 1041 1362 videmus
1076 1295 1157 1363 Sile.
1180 1297 1237 1381 IV,
1260 1295 1291 1379 5,
1314 1298 1401 1376 quod
1432 1313 1561 1361 carmen

383 1424 463 1470 vere
487 1403 564 1470 anni
587 1404 630 1470 95
655 1408 843 1470 contextum
876 1408 936 1469 est.
981 1402 1097 1483 Neque
1131 1403 1216 1470 enim
1249 1392 1402 1485 equidem
1430 1420 1559 1485 possum

386 1531 458 1578 cum
481 1508 646 1578 lelmero
671 1510 866 1590 consentire,
899 1509 955 1590 qui
982 1528 1012 1591 p.
1036 1510 1103 1575 384
1135 1509 1261 1577 indicat
1293 1510 1383 1576 illam
1416 1510 1556 1575 insecta·

388 1618 509 1683 tionem
532 1637 563 1685 v.
586 1619 629 1685 48
652 1616 744 1684 illius
768 1616 902 1700 eclogae
926 1634 999 1682 esse
1022 1636 1087 1682 non
1107 1618 1290 1699 obliquam;
1313 1618 1396 1683 nihil
1420 1617 1560 1683 Statium

390 1723 517 1791 efficere
546 1724 634 1791 velle
665 1724 728 1791 nisi
759 1724 812 1807 id,
845 1728 883 1789 nt
914 1723 1051 1789 amicum
1085 1730 1215 1808 augeat.
1261 1725 1355 1810 Quod
1389 1726 1472 1791 enim
1507 1724 1561 1789 vir

389 1832 502 1897 doctos
525 1831 667 1898 affirmat
689 1830 819 1897 omnino
843 1848 908 1896 non
932 1850 1004 1897 esse
1028 1832 1172 1899 Statium
1204 1833 1268 1898 tali
1301 1833 1430 1915 ingenio
1463 1831 1559 1898 mori-

386 1940 516 2024 busque,
539 1946 577 2007 ut
601 1940 684 2007 vitia
707 1937 893 2021 aequalium
916 1938 1096 2024 vituperet,
1119 1958 1198 2005 sane
1221 1940 1255 2004 in
1278 1939 1464 2006 universnm
1495 1958 1559 2005 non

383 2052 435 2112 est
460 2047 599 2129 dubium,
623 2046 701 2130 quin
723 2065 790 2113 nou
813 2044 857 2111 sit
880 2050 979 2128 poeta
993 2047 1156 2131 satiricus,
1180 2049 1238 2113 sed
1253 2047 1309 2113 illo
1325 2049 1442 2115 acerbo
1457 2047 1558 2114 verbo

383 2154 521 2221 similem
543 2153 803 2238 indignationem
827 2152 965 2235 exprimi
990 2161 1113 2224 certum
1149 2154 1225 2220 mihi
1259 2154 1386 2235 quidem
1418 2152 1558 2220 videtur.

473 2261 588 2343 Neque
611 2270 721 2330 autem
743 2261 857 2345 minus,
881 2279 944 2341 quo
970 2259 1038 2326 fere
1068 2269 1215 2343 tempore
1239 2261 1366 2328 Statius
1389 2261 1493 2325 Roma
1516 2261 1559 2326 sit

384 2387 545 2452 egressus,
568 2370 684 2449 paullo
713 2369 900 2434 accuratius
933 2368 1043 2434 dicere
1067 2388 1246 2450 possumus.
1281 2405 1320 2418 -
1361 2367 1439 2432 Cum
1467 2367 1558 2432 illum

386 2481 514 2541 aestate
546 2495 574 2541 a.
599 2476 643 2542 95
674 2474 736 2540 iam
758 2475 897 2555 Neapoli
929 2476 1058 2542 versari
1090 2476 1187 2557 plane
1217 2496 1258 2541 ex
1281 2476 1335 2559 IV,
1358 2477 1379 2540 4
1404 2474 1484 2540 Silv.
1507 2474 1558 2557 (cf.

389 2582 537 2648 Vollmer
567 2601 598 2665 p.
634 2581 688 2665 189
720 2581 902 2661 efficiatur,
935 2583 1052 2648 deinde
1084 2601 1154 2648 cnm
1186 2583 1308 2649 idcirco
1342 2584 1428 2663 quod
1460 2591 1559 2665 poeta

385 2688 442 2770 IV,
467 2690 497 2766 3,
522 2691 538 2754 1
559 2708 606 2769 sq.
639 2686 694 2775 (cf.
719 2689 869 2756 Vollmer
893 2710 923 2770 p.
947 2690 1010 2755 451
1027 2693 1087 2772 sq.)
1120 2690 1263 2772 aliquem
1295 2690 1557 2773 interrogantem

382 2794 487 2879 fingit,
512 2795 567 2877 qul
589 2795 693 2863 Roma
716 2797 887 2877 Neapolim
911 2798 978 2862 iter
1001 2796 1112 2880 faciat,
1141 2798 1414 2865 verisimillimum
1448 2796 1492 2863 sit
1523 2797 1557 2862 id

384 2920 525 2981 carmen,
548 2904 635 2985 quod
659 2908 738 2969 aute
768 2909 928 2969 aestatem
953 2923 981 2970 a.
1006 2906 1048 2970 95
1082 2923 1152 2970 esse
1185 2906 1340 2987 scriptum
1374 2924 1432 2985 pro
1466 2909 1556 2969 certo

383 3009 552 3093 habemus,
574 3010 640 3076 iam
662 3010 785 3077 Romae
818 3029 890 3075 esse
923 3011 1123 3090 confectum,
1157 3012 1250 3079 nobis
1283 3011 1444 3092 suspicari
1477 3011 1557 3077 licet

386 3114 526 3183 Statium
548 3135 627 3184 vere
649 3117 751 3183 ferme
774 3116 808 3183 in
832 3118 975 3199 patriam
998 3120 1133 3185 redisse.
1156 3158 1200 3167 —

473 3222 630 3307 Quoniam
652 3225 694 3291 de
716 3226 779 3291 hac
803 3245 840 3291 re
863 3226 939 3304 dixi,
962 3226 1028 3291 iam
1053 3228 1211 3294 nonnulla
1239 3228 1341 3294 verba
1368 3225 1489 3292 faciam
1514 3226 1554 3291 de

382 3330 524 3397 carmine
546 3332 603 3411 IV,
625 3333 647 3399 4
669 3330 759 3399 Silv..
783 3352 824 3398 ex
847 3353 909 3414 qno
934 3334 1053 3416 optime
1076 3335 1269 3418 intellegere
1292 3336 1467 3418 possimus,
1492 3352 1554 3414 qno

382 3436 481 3504 animi
502 3455 600 3505 seusu
622 3436 725 3506 luerit
748 3446 818 3506 tum
843 3440 979 3508 Statius.

442 3543 586 3628 -Poeta,
608 3553 779 3630 postquam
804 3549 884 3614 urbe
908 3550 1000 3634 exiit,
1024 3549 1191 3617 carissima
1222 3551 1257 3617 in
1290 3550 1400 3634 patria
1433 3549 1552 3615 iterum

385 3658 536 3719 versatur
558 3660 595 3720 et
625 3655 700 3721 hinc
724 3656 858 3723 Romam
892 3655 924 3722 in
957 3658 1072 3721 urbem
1105 3660 1307 3737 clamosam,
1341 3657 1394 3724 ubi
1428 3657 1553 3736 ‚Latiae

385 3760 475 3842 leges
506 3761 642 3829 miscent
679 3762 806 3847 iurgia‘,
849 3763 937 3828 illam
980 3764 1113 3847 egregie
1157 3766 1338 3832 confectam
1381 3766 1552 3843 epistulam

381 3868 552 3953 poeticam,
573 3870 607 3936 in
632 3889 697 3951 qua
720 3889 760 3935 ea
784 3889 868 3951 quae
892 3872 996 3937 sentit
1018 3890 1097 3954 prae
1120 3891 1155 3937 se
1178 3871 1254 3957 fert,
1277 3872 1381 3937 mittit
1403 3873 1445 3937 ad
1461 3872 1551 3937 Vito-

380 3974 462 4039 rium
484 3975 678 4044 Marcellum
702 3977 849 4043 amicum.

469 4081 523 4149 lix
544 4084 658 4152 intimo
682 4104 748 4164 suo,
772 4104 874 4169 quem,
898 4092 936 4152 ut
951 4085 1083 4153 Gallum
1107 4088 1257 4171 amicum,
1280 4086 1331 4153 sui
1354 4106 1419 4153 non
1442 4086 1548 4152 imme·

377 4207 500 4257 morem
523 4210 596 4258 esse
619 4200 717 4276 poeta
739 4193 795 4259 vel
818 4212 859 4258 ex
883 4214 923 4279 ea
946 4215 983 4260 re
1007 4197 1193 4278 cognoscit,
1217 4197 1304 4276 quod
1336 4195 1420 4274 ,inde
1452 4212 1550 4261 sonus

377 4298 524 4380 geminas
548 4300 578 4366 ei
602 4302 717 4367 circuit
741 4302 846 4367 aures‘
871 4303 915 4385 (v.
939 4304 1002 4387 26),
1026 4304 1166 4383 quaerit,
1190 4322 1253 4384 quo
1268 4301 1389 4369 aestivi
1405 4320 1550 4369 secessus

376 4424 486 4486 causa,
510 4410 626 4490 quibus
650 4411 848 4493 temporibus
871 4409 993 4476 Romae
1021 4411 1119 4476 nimis
1143 4411 1306 4493 calescat,
1329 4409 1492 4491 proficisci
1515 4409 1549 4475 in

377 4518 485 4585 animo
508 4518 638 4584 habeat.
683 4519 758 4599 Ipse
783 4528 900 4601 autem,
924 4537 1106 4599 quanquam
1132 4519 1271 4602 Neapoli
1304 4523 1371 4598 est,
1403 4536 1465 4598 qno
1497 4536 1548 4583 re·

377 4627 464 4693 verti
489 4627 651 4693 desiderio
675 4633 749 4693 erat
772 4636 911 4704 coactus,
934 4634 1044 4692 tamen
1060 4633 1183 4706 quanto
1199 4624 1336 4692 vnlnere
1349 4625 1396 4690 sit
1409 4623 1548 4690 aflectus
