3884 5634
862 636 1084 701 ..22-

384 813 534 881 Valerius
562 814 700 880 Flaccus
713 812 734 898 ¹)
768 814 902 898 (Argon.
926 814 970 897 ΙΙ,
995 814 1058 881 107
1078 814 1137 899 sq.)
1168 819 1284 881 narrat
1316 818 1413 897 poeta
1443 819 1557 881 noster

382 921 417 987 in
440 920 605 988 Thebaide
629 921 680 1005 (V,
705 922 749 988 49
773 921 843 1006 sq),
875 939 941 1002 qua
974 939 1075 988 causa
1106 920 1265 1003 impulsae
1297 921 1449 989 mulieres
1475 921 1556 989 illae

384 1028 540 1095 Lemniae
572 1028 767 1096 necaverint
795 1028 894 1112 viroS,
926 1047 1060 1109 prorsus
1083 1028 1266 1095 Ribbechio
1290 1028 1556 1112 adstipulandnm

385 1154 456 1201 esse
480 1135 557 1202 mihi
580 1135 714 1202 videtur
735 1136 818 1203 haec
841 1135 962 1203 dicenti
986 1137 1020 1215 (l.
1043 1138 1064 1201 l.
1087 1156 1118 1218 p.
1142 1137 1232 1219 229lz
1255 1135 1336 1202 Hier
1355 1137 1415 1202 hat
1429 1136 1556 1204 Statius

384 1242 498 1326 zeigen
523 1243 648 1321 vollen,
680 1262 750 1309 was
783 1262 819 1309 er
852 1245 935 1310 nach
969 1244 1040 1309 dem
1058 1244 1259 1327 ‚Vorganger
1281 1243 1315 1310 in
1338 1243 1471 1327 eigener
1494 1243 1556 1310 Er·

385 1349 522 1432 findung
546 1351 612 1416 und
634 1350 854 1435 Darstellung
877 1370 916 1417 zu
941 1350 1061 1417 leisten
1084 1356 1248 1434 vermdge.
1271 1387 1315 1397 —

473 1474 686 1542 Institutione
699 1475 874 1555 rhetorica,
893 1481 930 1541 ut
945 1494 1046 1559 snpra
1061 1476 1209 1553 diximus
1228 1476 1353 1543 Statius
1369 1475 1555 1542 immensam

384 1581 475 1648 illam
501 1583 683 1649 doctrinam
697 1600 736 1649 ac
755 1582 935 1667 scientiam,
953 1583 1111 1667 imprimis
1129 1583 1419 1666 mythologicarum
1440 1601 1556 1664 rerum,

342 1761 344 1765 ,
385 1708 482 1771 qnam
505 1690 635 1773 ingenti
658 1691 799 1757 lectione
822 1708 883 1755 nec
906 1709 971 1756 non
990 1691 1024 1756 in
1043 1690 1156 1756 schola
1173 1690 1245 1773 ipsa
1263 1696 1453 1757 consecutus
1473 1697 1556 1771 arat,

386 1815 481 1878 quarn
514 1796 714 1879 potissimum
747 1800 916 1863 ostentare
950 1804 983 1862 et
1006 1796 1163 1863 adhibere
1188 1802 1239 1864 est
1262 1797 1475 1875 assuefactus
1506 1798 1557 1864 ita

386 1911 421 1970 ut
457 1904 647 1987 saepissime
684 1904 854 1971 molestum
891 1904 925 1971 in
962 1908 1090 1972 modum
1128 1911 1240 1971 nostro
1273 1904 1403 1985 quidem
1435 1904 1556 1972 iudicio

385 2030 528 2078 summae
552 2010 747 2078 eruditionis
770 2012 931 2080 hominem
956 2031 1027 2079 sese
1050 2022 1220 2094 praestare
1245 2012 1417 2094 pervellat.

474 2119 512 2184 Ε.
536 2139 566 2203 g.
591 2118 769 2185 Thebaidis
793 2118 895 2186 locum
920 2120 1082 2201 quendam
1106 2118 1224 2186 afferre
1248 2119 1326 2185 mihi
1348 2120 1460 2204 liceat,
1492 2139 1556 2201 qno

385 2227 625 2311 mythologioas
648 2246 701 2293 res
726 2230 876 2310 congerit
899 2233 935 2294 et
958 2231 1051 2309 qnasi
1074 2234 1258 2294 coacervat.
1427 2216 1429 2219 ’

474 2352 611 2433 Statius,
630 2358 805 2435 postquam
825 2360 928 2437 ,parte
949 2372 990 2420 ex
1006 2354 1073 2420 alia
1087 2352 1199 2421 Cadmi
1214 2353 1412 2420 Mavortiam
1427 2353 1557 2434 plebem

385 2467 544 2526 maestam
580 2459 691 2526 fuisse‘
732 2461 882 2527 narravit
922 2460 991 2545 (IV,
1023 2462 1088 2528 345
1121 2464 1181 2545 sq.)
1223 2465 1258 2527 et
1293 2459 1399 2541 ipsum
1437 2480 1558 2544 ,regem

385 2568 428 2654 (v.
439 2568 504 2633 406
515 2570 572 2649 sq.)
589 2566 690 2634 variis
705 2568 885 2634 terroribus
898 2568 1054 2648 imparem
1065 2568 1222 2652 longaevi
1236 2587 1326 2651 opem
1337 2569 1557 2652 tenebrasque

386 2693 522 2758 sagaces
546 2674 694 2741 Tiresiae
727 2693 864 2759 aegrum
897 2676 1117 2753 consuluisse‘,
1150 2675 1232 2742 lacit
1254 2682 1366 2743 vatem
1398 2675 1556 2762 ,Lethaea

386 2782 491 2849 sacra‘
515 2792 687 2863 parantem
711 2788 744 2849 et
767 2782 913 2850 infernas
937 2784 1069 2849 umbras
1093 2782 1286 2850 elicientem.
1330 2784 1424 2869 Quod
1445 2787 1553 2849 antem

385 2895 485 2973 poeta
500 2888 650 2956 nimirum
666 2890 794 2957 omnino
814 2890 907 2956 nimis
926 2892 1042 2975 longus
1061 2896 1113 2958 est
1131 2897 1204 2958 tota
1224 2892 1259 2957 in
1277 2891 1338 2957 illa
1358 2889 1553 2968 narratione,

387 3017 457 3065 enm
482 2998 653 3064 scientiam
677 2998 711 3063 in
735 2998 838 3065 medio
859 3017 1048 3081 proponere
1077 3019 1143 3066 nou
1171 3000 1260 3066 nolle
1283 2999 1431 3067 videmus
1454 3017 1495 3065 ex
1517 3017 1555 3064 ea

387 3125 431 3185 re,
455 3106 540 3187 quod
563 3106 760 3190 Phoebeiam
783 3106 906 3187 Manto,
930 3112 1103 3189 postquam
1122 3107 1283 3174 Tiresiam
1308 3114 1434 3191 patrem
1458 3107 1556 3173 iuter·

386 3214 530 3296 pellavit
554 3220 588 3279 et
611 3212 785 3279 certiorem
809 3212 890 3279 fecit
910 3214 964 3280 his
987 3214 1099 3280 verbis
1124 3217 1166 3297 (v.
1190 3214 1284 3299 519):

499 3338 649 3418 ‚Andiris
673 3339 811 3422 genitor,
834 3341 1019 3423 vulgusque
1043 3358 1208 3424 exsangue
1231 3338 1447 3422 propinquat,

387 3479 543 3551 accurate
580 3481 776 3550 referentem
813 3484 939 3550 inducit
972 3505 1056 3566 quae
1087 3486 1209 3562 videat,
1246 3482 1385 3550 sedecim
1409 3482 1558 3549 versibus

387 3598 428 3676 (v.
445 3590 648 3676 tao—535),
672 3611 856 3673 quanquam
873 3599 967 3658 vates
992 3594 1141 3673 ,nondum
1156 3590 1412 3658 adventantibus
1429 3589 1558 3655 umbris‘

388 3720 498 3766 morae
521 3699 696 3783 impatiens
718 3719 756 3765 eo
775 3700 955 3784 deducitur,
980 3707 1017 3765 ut
1033 3702 1193 3766 exclamet
1213 3698 1253 3783 (v.
1269 3698 1361 3784 odel:
1388 3698 1557 3780 ‚Cassnsne

387 3812 540 3876 sacerdos
564 3805 715 3875 audiorP‘
740 3845 780 3855 -
804 3808 852 3874 ia
885 3815 923 3875 ut
956 3814 1053 3890 pater
1085 3807 1154 3890 ipse
1187 3813 1281 3872 vetet
1314 3809 1356 3889 (v.
1380 3806 1458 3891 536)
1486 3825 1557 3872 eam

388 3935 527 4003 pergere
551 3936 593 3983 ne
616 3916 687 3997 ipse
713 3916 839 3998 quidem
860 3916 923 3988 ‚illa
947 3916 1102 3998 ,vulgata‘
1128 3932 1319 3981 enumerare
1344 3916 1503 3980 desinens.

419 4076 421 4082 ⁴
477 4043 616 4108 Doctum
632 4049 741 4108 autem
752 4048 879 4124 poetam
894 4060 965 4107 sese
976 4040 1113 4122 praebet
1123 4043 1225 4107 veluti
1235 4042 1315 4108 Silv.
1326 4041 1385 4123 III,
1396 4043 1425 4118 2,
1438 4041 1498 4107 101
1510 4061 1556 4120 sq.

480 4168 653 4234 Enimvero
673 4168 759 4234 inter
775 4188 905 4233 carmen
920 4167 1056 4248 epicum,
1080 4166 1113 4232 in
1129 4186 1192 4247 quo
1207 4167 1375 4232 condendo
1390 4165 1556 4231 duodecim

389 4296 491 4342 aranos
511 4275 718 4358 consumpsit,
742 4282 777 4341 et
795 4274 913 4359 Silvae,
938 4293 1072 4355 quarum
1097 4274 1251 4354 plurimas
1275 4291 1370 4353 qnam
1390 4272 1558 4337 celerrime

389 4383 540 4460 confecit,
564 4383 738 4449 discrimen
757 4382 922 4449 faciemus
949 4419 987 4430 -
1013 4382 1094 4446 Nam
1110 4382 1196 4461 quod
1212 4380 1401 4445 conceditur
1415 4378 1558 4445 Statium

480 4598 501 4665 ¹)
520 4596 554 4650 cf.
574 4596 701 4649 Moerner
724 4593 774 4657 (De
793 4594 860 4664 Pap.
881 4593 951 4647 Stat.
971 4592 1058 4646 Theb.
1078 4591 1189 4657 Quaest.
1209 4589 1278 4644 Diss.
1299 4590 1458 4662 Regimonti
1477 4593 1558 4661 1890)

387 4706 414 4757 p.
435 4689 467 4741 21
488 4704 527 4755 sq.
