3884 5634
822 645 1041 707 -21..

431 823 608 889 Occasione
650 825 729 889 data
769 823 875 904 pauca
906 820 939 886 in
973 820 1159 888 universum
1191 820 1309 886 faciam
1341 816 1445 888 verba
1476 821 1516 885 de

341 928 450 999 Statio
472 930 633 996 imitante.
660 966 696 978 -
724 928 816 1012 Quod
840 929 926 1011 apud
939 926 1129 994 Petronium
1148 925 1315 1012 (111118)
1337 924 1515 1008 Eumolpus

340 1046 438 1122 poeta
461 1037 638 1122 ,concipere
667 1042 725 1102 aut
748 1036 845 1102 edere
868 1040 1006 1118 partum.
1021 1032 1279 1117 mentem'posse
1301 1032 1365 1099 nisi
1383 1031 1516 1116 ingenti

339 1145 472 1212 flumine
504 1145 690 1211 litterarum
723 1142 923 1209 1111111111ι
954 1140 1073 1226 negat,
1090 1140 1160 1208 'ab'
1175 1140 1373 1208 illo-multos
1397 1142 1465 1206 bac
1481 1140 1515 1205 iu

340 1251 380 1320 re
399 1258 569 1335 superatos
602 1270 672 1318 esse
704 1252 793 1316 haud
824 1250 921 1317 dubie
953 1249 1064 1332 petest
1087 1248 1159 1316 dici.
1205 1250 1287 1316 Nam
1305 1246 1393 1333 'legit
1416 1254 1515 1329 atque

340 1360 493 1444 cognovit
525 1359 653 1426 Statius
684 1359 901 1424 Romanorum
935 1364 969 1424 et
997 1358 1195 1424 Graecorum
1227 1354 1327 1440 opera·
1359 1374 1419 1422 nec
1448 1356 1514 1422 nou

339 1468 478 1535 fortasse
502 1466 816 1548 Alexandrinorum,
847 1465 897 1532 ita
928 1471 966 1531 ut
986 1465 1091 1547 *quasi
1118 1464 1274 1532 immensa
1295 1464 1514 1540 1111111111-

340 1575 436 1657 tione,
470 1595 564 1655 quam
598 1573 632 1639 in
655 1593 748 1640 usum
770 1592 862 1639 suum
885 1574 1057 1656 praeditus
1079 1573 1265 1641 incredibili
1287 1575 1427 1654 quadam
1447 1592 1514 1644 me·

340 1682 442 1749 moria
474 1682 671 1748 conferebat.
703 1719 748 1729 —
780 1681 943 1765 Quomodo
976 1686 1086 1747 autem
1118 1680 1175 1748 ille
1212 1681 1318 1763 poetis
1350 1680 1514 1762 prioribus

339 1795 454 1856 utatur
477 1794 575 1869 atque
598 1788 757 1872 imitetur,
788 1789 849 1855 bac
872 1790 912 1854 de
940 1808 976 1854 re
989 1785 1127 1874 ι111111
1151 1787 1308 1862 disseruit
1331 1788 1475 1855 Vollmer
1483 1785 1513 1872 ⁷²)

339 1898 381 1980 (p.
406 1897 449 1963 30
472 1898 540 1977 sp).
572 1896 669 1978 'Quae
689 1895 838 1977 exempla
860 1912 980 1979 augere
998 1910 1098 1976 'quam
1121 1896 1259 1962 maxime
1282 1895 1414 1973 inludo
1438 1896 1512 1961 rhe-

339 2004 441 2070 torico
465 2023 538 2070 eum
552 2022 623 2071 esse
638 2002 855 2076 assuefactum
869 2002 1062 2084 pronuntiat
1075 2002 1161 2077 idem
1171 2002 1228 2079 jvir
1243 1990 1356 2077 doctus
1372 2001 1512 2083 (11.1,-

338 2113 416 2177 Cum
448 2116 557 2177 autem
590 2129 668 2176 saue
700 2129 928 2190 nonnunquam
951 2110 1008 2175 illo
1042 2109 1158 2190 ,studio
1181 2109 1333 2181 variandi
1356 2116 1511 2193 111111-

338 2218 475 2302 gerandi
507 2218 632 2285 incidat
664 2218 698 2284 in
731 2218 889 2290 tumidum
921 2236 1023 2301 genus
1056 2217 1185 2284 dicendi
1217 2223 1252 2283 et
1275 2218 1359 2297 quod
1382 2216 1510 2288 subtili-

338 2332 408 2393 tate
436 2329 559 2420 11111,Λ
577 2326 611 2391 id
644 2328 727 2406 quod
758 2327 799 2391 H.
823 2324 942 2391 Miller
974 2325 1007 2403 (l.
1031 2326 1051 2391 l.
1074 2346 1105 2407 p.
1131 2326 1160 2414 6.
1183 2324 1243 2409 sq.)
1259 2323 1511 2415 demonstravit,

339 2433 405 2500 alia
437 2454 478 2499 er
509 2440 604 2515 parte
636 2452 734 2524 saepe
755 2432 954 2519 lepidissime
977 2432 1125 2516 exempla
1147 2433 1182 2499 11
1205 2451 1298 2498 suum
1322 2449 1413 2498 usum
1437 2451 1510 2498 oon·

339 2541 406 2605 fert
428 2540 485 2623 ita,
508 2545 544 2606 ut
566 2538 669 2609 verba
681 2561 732 2607 >ex
748 2559 805 2623 suo
820 2539 950 2625 ingenio
964 2540 1062 2623 plane
1080 2559 1151 2632 esse
1165 2538 1313 2621 profecta
1327 2538 1510 2607 videantur.

341 2646 437 2713 Cuius
469 2646 517 2713 rei
549 2667 575 2715 e.
594 2670 624 2733 g.
648 2648 718 2738 dico
742 2649 815 2715 illos
839 2667 953 2717 versus
976 2647 1292 2739 perfectissimosV,
1317 2650 1344 2738 l,
1369 2648 1432 2712 122
1446 2666 1509 2734 sq,

339 2754 393 2821 ubi
408 2753 599 2839 Priscillam,
623 2775 755 2823 uxorem
770 2755 959 2841 Abascanti,
984 2762 1150 2838 comparat
1164 2774 1236 2822 cum
1250 2754 1359 2846 Apula
1372 2754 1509 2842 coniuge

337 2861 425 2927 fideli
448 2899 492 2908 -
515 2864 603 2929 baud
626 2864 722 2932 dubie
746 2864 878 2932 Horatii
901 2864 1004 2946 Epod.
1022 2864 1067 2948 II,
1081 2866 1185 2945 41sq.
1208 2861 1362 2929 memoria
1377 2867 1509 2948 teneus:

902 3023 1003 3105 ,velut
1025 3023 1134 3105 Apula
1156 3023 1295 3090 coniunx

496 3129 660 3213 agricolae
683 3130 774 3213 parci
796 3131 854 3198 vel
873 3132 942 3196 sole
960 3129 1084 3196 infecta
1098 3128 1236 3213 Sabino,
1297 3187 1300 3192 .
1389 3218 1393 3222 .

496 3256 578 3318 quae
602 3238 694 3305 videt
717 3236 846 3304 emeriti
868 3237 933 3303 iam
956 3237 1240 3319 prospectantibus
1263 3238 1362 3304 astris

496 3352 622 3427 tempus
646 3348 759 3422 adesse
781 3345 854 3422 viri,
877 3364 1015 3427 propere
1038 3364 1227 3426 mensasque
1251 3351 1402 3427 torosque

495 3451 630 3518 instruit
655 3457 1024 3534 exspectatquesonum
1047 3453 1215 3520 redeuntis
1238 3453 1361 3521 aratri!

425 3614 536 3694 Neque
569 3619 678 3679 tamen
711 3614 814 3680 solum
837 3614 980 3681 Statium
1011 3614 1187 3699 dictiones,
1220 3622 1257 3681 ut
1279 3616 1507 3700 Baehrensiill

333 3720 443 3788 verbis
468 3727 550 3795 utar,
582 3721 726 3802 poeticas
750 3741 770 3787 a
792 3720 955 3804 prioribus
979 3727 1152 3803 usurpatas
1175 3741 1239 3788 non
1263 3729 1417 3805 tanquam
1440 3744 1507 3792 ser-

334 3847 419 3909 vum,
442 3830 500 3893 sed
523 3833 560 3893 ut
582 3846 692 3911 regem
715 3835 813 3909 atque
832 3829 995 3895 dominum
1007 3828 1043 3894 in
1056 3829 1221 3911 proprium
1236 3849 1328 3897 usum
1342 3831 1505 3911 adbibere,

333 3937 390 4000 sed
428 3934 528 4000 etiam
564 3935 745 4002 sententias
787 3941 885 4017 atque
927 3942 1122 4021 argumenta
1153 3937 1225 4020 ipsa
1260 3957 1288 4003 e.
1316 3958 1346 4021 g.
1379 3939 1431 4006 vel
1464 3958 1504 4005 ex

334 4042 537 4126 Hypsipylae
572 4042 663 4109 illius
692 4043 838 4125 exemplo
862 4043 1075 4128 intellegitur.
1121 4045 1214 4129 Quod
1238 4043 1321 4110 enim
1345 4045 1444 4111 aliter
1466 4066 1505 4113 ac

424 4293 444 4362 1)
463 4290 497 4346 ci.
518 4291 599 4345 Helm
618 4291 669 4362 (De
686 4280 754 4362 Pap.
774 4290 844 4348 scat.
863 4291 950 4347 Theb.
970 4293 1038 4348 Pars
1066 4294 1142 4365 prior
1165 4292 1234 4347 Dias.
1256 4294 1336 4363 laea)
1363 4313 1391 4365 p.
1411 4295 1444 4349 12
1463 4312 1504 4364 sq.

424 4399 529 4467 2)11111
548 4416 582 4453 ac
601 4399 701 4453 merito
720 4402 841 4455 ceterum
861 4399 961 4455 Vollm.
981 4404 1019 4472 (p.
1033 4402 1096 4471 256)
1116 4401 1263 4455 Ziehenum
1283 4401 1413 4471 (Hermes
1426 4403 1503 4471 1896,

332 4487 431 4553 XXXI,
451 4489 503 4544 313
517 4495 568 4557 sq.)
591 4488 695 4543 frustra
713 4505 771 4543 1111
790 4493 921 4545 conatum
936 4489 1007 4545 dicit
1018 4490 1163 4545 restituere
1181 4490 1256 4545 locos
1273 4492 1407 4560 quosdam
1423 4493 1504 4549 11111·

333 4592 424 4630 sorum
445 4576 598 4633 carminum
618 4578 758 4650 epicorum
777 4596 811 4635 ex
829 4580 973 4635 Statianie.

422 4683 444 4757 ³)
463 4684 553 4740 Praef.
573 4685 639 4739 eea.
658 4705 686 4761 p.
705 4686 804 4743 xum.
