3884 5634
869 590 1089 653 -23-.

387 769 577 849 saepissime
601 767 697 847 quasi
721 768 859 832 haerere
874 767 907 832 in
922 767 982 832 illo
999 773 1162 849 apparatu
1182 768 1414 851 mythologice,
1428 765 1450 848 ¹)
1473 768 1559 833 haud

387 876 484 942 dubie
522 893 685 955 nunquam
724 876 964 957 neglegendum
1008 880 1060 940 est
1101 875 1216 961 utique
1251 894 1322 941 eum
1354 874 1464 941 facere
1497 895 1561 942 non

386 981 539 1064 potuisse,
564 981 640 1062 quin
665 984 707 1046 ad
733 982 810 1046 illas
834 980 988 1047 celeriter
1011 983 1203 1062 pungendae
1227 982 1358 1065 eclogas
1379 1002 1508 1066 semper
1526 984 1560 1048 in

385 1096 540 1173 promptu
580 1078 720 1156 haberet
762 1095 886 1154 certum
925 1091 1085 1170 quendam
1124 1095 1318 1172 apparatum
1355 1086 1560 1172 poeticum.²)

385 1198 431 1264 Ut
455 1204 564 1263 autem
588 1197 766 1262 identidem
795 1196 1047 1276 repetitionibus
1080 1198 1274 1277 quibusdam
1307 1197 1424 1274 utitur,
1457 1197 1561 1264 verba

386 1307 545 1386 quaedam
579 1310 614 1369 et
646 1304 831 1368 sententias
862 1303 976 1386 iterat,
1010 1304 1059 1368 ita
1088 1303 1326 1386 mythologicas
1349 1322 1404 1369 res
1428 1305 1561 1368 adamat

385 1420 419 1478 et
443 1412 625 1478 locutiones
648 1410 826 1475 identidem
851 1410 995 1475 adhibet.
1037 1409 1180 1493 Quarum
1201 1410 1439 1492 experientiam
1458 1429 1559 1490 quan·

386 1539 481 1600 quam
505 1538 569 1584 non
595 1523 646 1582 est
670 1515 811 1599 dubium,
844 1517 922 1597 quin
956 1517 1002 1582 sit
1032 1524 1202 1583 assecutus
1226 1518 1260 1583 in
1284 1516 1360 1583 ludo
1384 1518 1559 1600 rhetorico,

386 1634 494 1692 tamen
522 1644 591 1691 meo
616 1624 744 1705 quidem
768 1623 907 1689 arbitrio
930 1625 993 1690 hac
1016 1625 1051 1690 in
1075 1644 1111 1689 re
1135 1626 1240 1691 denuo
1268 1627 1479 1691 statuendum
1509 1631 1559 1690 est

385 1740 515 1815 poetam
530 1732 592 1797 illa
612 1732 685 1811 ipsa
705 1729 834 1813 ingenti
854 1731 994 1797 lectione
1017 1751 1078 1797 nec
1101 1751 1163 1797 non
1188 1731 1342 1798 memoria
1365 1731 1559 1815 admirabili,

385 1859 467 1922 quae
492 1860 512 1905 a
535 1840 617 1908 viris
642 1838 748 1903 doctis
772 1839 937 1922 laudatur,
962 1840 1100 1904 maxime
1124 1858 1197 1905 esse
1216 1840 1374 1917 adiutum,
1397 1838 1448 1904 ita
1468 1848 1505 1904 ut
1528 1839 1559 1904 ei

385 1949 547 2014 indicibus
571 1946 761 2027 quibusdam
784 1946 818 2010 in
843 1947 921 2012 ludo
944 1944 1044 2011 factis
1068 1947 1156 2028 ipsis,
1190 1965 1269 2026 quos
1299 1964 1371 2010 eum
1401 1946 1558 2011 adhibere
1621 1937 1624 1942 ’

384 2058 529 2122 Vollmer
553 2053 724 2121 contendit
747 2072 777 2135 p.
801 2054 876 2136 432,
900 2052 1016 2132 utique
1039 2051 1108 2119 fere
1133 2073 1197 2119 non
1222 2060 1309 2119 esset
1332 2052 1510 2118 nitendum.

472 2164 527 2228 lta
550 2167 658 2227 eutem
682 2160 824 2226 Statium
848 2159 918 2224 sine
941 2165 1050 2226 mente
1073 2180 1112 2226 ac
1135 2161 1265 2227 ratione
1294 2163 1444 2242 exempla
1468 2167 1559 2226 certa

385 2272 544 2350 quaedam
570 2288 703 2351 prorsus
736 2286 808 2333 essa
841 2272 989 2333 secutum
1022 2274 1057 2333 et
1084 2253 1160 2334 ¹veri
1194 2287 1310 2351 parum
1332 2287 1405 2333 mea
1429 2270 1558 2349 quidem

385 2375 550 2443 sententia
573 2376 680 2442 simile
701 2380 752 2440 est
776 2379 811 2440 et
834 2378 944 2457 potest
958 2375 1055 2456 plane
1070 2375 1287 2442 demonstrari
1310 2376 1401 2441 nullo
1417 2377 1499 2442 loco.
1516 2416 1558 2424 —

387 2484 472 2566 Quin
495 2484 601 2563 etiam,
626 2484 734 2566 credo,
758 2501 800 2546 ex
821 2482 894 2546 loco
918 2483 1066 2565 quodam,
1091 2502 1187 2562 quern
1206 2481 1240 2547 in
1257 2501 1395 2549 excursu
1410 2489 1558 2549 tractare

388 2590 466 2655 milri
494 2590 600 2674 liceat,
633 2590 860 2671 intellegemus
892 2588 1025 2655 minime
1048 2589 1149 2671 illum,
1184 2596 1220 2656 ut
1244 2609 1375 2656 servum
1399 2590 1500 2674 quasi,
1524 2590 1558 2655 in

387 2698 539 2781 exemplis
576 2698 771 2779 quibusdam
814 2695 988 2763 rhetoricis
1029 2696 1202 2762 inhaerere
1239 2702 1297 2763 aut
1332 2699 1557 2764 tantummodo

385 2806 569 2889 decantare,
588 2808 646 2870 sed
660 2806 794 2872 haurire
808 2805 918 2888 potius
938 2825 979 2871 ex
993 2823 1052 2870 sua
1066 2803 1186 2870 notitia
1202 2811 1235 2870 et
1249 2804 1433 2870 eruditione
1454 2841 1493 2852 —
1509 2806 1557 2870 ita

384 2916 429 2994 ut,
452 2912 532 2977 licet
556 2913 708 2978 didicerit
731 2914 765 2979 in
788 2913 975 2980 universum
998 2912 1034 2977 in
1057 2912 1170 2977 schole
1194 2911 1299 2991 ipsam
1322 2911 1493 2994 rationem,
1523 2912 1557 2977 in

383 3018 523 3102 singulis
553 3020 650 3085 rebus
678 3027 791 3087 utatur
814 3040 871 3087 suo
895 3018 1034 3086 arbitrio
1059 3025 1095 3085 et
1120 3018 1264 3084 consilio.
1308 3020 1433 3085 Eadem
1456 3039 1558 3102 opera

384 3126 526 3210 (11111101)
550 3127 733 3194 videbimus
757 3125 949 3194 Baehrensii
971 3127 1007 3212 (l.
1028 3127 1048 3191 l.
1071 3148 1101 3209 p.
1124 3125 1248 3210 XVIII)
1272 3128 1477 3212 sententiam,
1501 3129 1558 3211 qui

383 3254 456 3300 curn
479 3234 554 3301 aliis
578 3243 647 3301 tum
670 3236 727 3302 illo
751 3236 821 3301 loco
845 3235 933 3301 nisus
957 3234 1102 3302 Statium
1134 3234 1280 3316 posuisse
1313 3254 1402 3301 mera
1425 3238 1557 3303 nomina

382 3341 551 3415 indicavit.
576 3343 678 3408 nihilo
702 3362 775 3409 esse
798 3343 1009 3425 probandam.
1032 3380 1076 3388 —

454 3446 592 3501 Disseram
621 3447 655 3502 de
683 3447 750 3503 Silv.
778 3448 825 3516 ΙΙΙ,
854 3451 880 3515 5,
908 3449 1015 3502 46-49
1043 3464 1112 3515 quos
1140 3463 1234 3502 versus
1253 3447 1377 3502 Vollmer
1395 3467 1422 3517 p.
1442 3451 1494 3503 432
1514 3470 1554 3519 sq.

384 3536 494 3589 brevius
518 3540 629 3595 tractat.
665 3538 752 3593 Locus
771 3542 865 3591 autem
884 3540 926 3591 est
944 3539 973 3591 et
992 3536 1175 3591 difficillimus
1194 3540 1223 3590 et
1241 3537 1342 3592 summi
1361 3540 1504 3607 momenti,
1523 3544 1557 3595 ut

383 3642 483 3695 operae
501 3628 622 3695 pretium
643 3626 680 3681 sit
699 3627 791 3681 denuo
810 3627 968 3681 accuratius
987 3643 1021 3680 ac
1039 3625 1124 3680 latins
1144 3626 1178 3680 de
1197 3642 1229 3680 eo
1247 3643 1331 3697 agere
1349 3629 1435 3695 atque
1448 3632 1555 3682 senten-

383 3716 437 3767 tias
457 3715 577 3769 virorum
596 3717 742 3771 doctorum
761 3719 885 3786 repetere
904 3719 932 3770 st
951 3717 1118 3771 examinare.

454 3804 540 3857 Recta
558 3804 614 3857 iam
626 3806 752 3860 Koestlin
771 3806 882 3875 (Philol.
893 3807 929 3861 36
941 3809 968 3876 p‘.
981 3806 1043 3875 180)
1063 3805 1097 3858 de
1115 3803 1347 3874 interpretatione
1365 3808 1474 3863 lmhofii
1493 3810 1554 3875 (ecl.

383 3893 419 3945 ad
439 3910 483 3948 nx.
503 3912 531 3963 p.
550 3896 584 3947 21
604 3894 663 3963 sq),
684 3896 734 3962 qui
753 3912 811 3949 esse
830 3894 1031 3949 sententiarum
1050 3910 1184 3949 conexum
1203 3895 1276 3949 hunc
1296 3898 1451 3952 contendit:
1470 3899 1555 3953 Pene-

472 4038 492 4107 1)
520 4039 552 4092 ln
579 4037 739 4092 memoriam
767 4053 878 4092 revocas
905 4037 995 4092 veluti
1021 4036 1089 4091 silv.
1109 4037 1143 4105 H,
1167 4039 1192 4105 2,
1215 4038 1251 4093 36
1270 4057 1311 4108 sq.
1340 4043 1370 4094 11
1397 4040 1432 4095 cf.
1453 4041 1553 4097 Vollm.

382 4148 409 4197 p.
419 4129 481 4182 344.
509 4128 640 4182 Necnon
659 4128 689 4181 in
707 4127 806 4181 talium
825 4128 950 4182 locorum
968 4144 1084 4182 numero
1102 4126 1221 4181 habeam
1236 4128 1301 4183 Silv.
1317 4130 1337 4198 I,
1350 4131 1376 4196 2,
1389 4132 1424 4186 59
1437 4149 1486 4201 sq,
1505 4133 1555 4187 nbi

382 4217 431 4270 ille
450 4218 567 4273 licentia
585 4234 625 4287 ea,
639 4234 724 4286 quam
738 4217 839 4272 Vollm.
859 4237 886 4287 p.
906 4219 958 4272 244
977 4218 1086 4287 statuit,
1104 4217 1168 4272 ideo
1186 4234 1244 4272 esse
1262 4236 1327 4273 usus
1346 4218 1416 4274 mihi
1434 4221 1553 4292 videtur,

383 4310 414 4360 nt
432 4308 578 4362 scientiam
598 4325 675 4362 snam
694 4307 915 4378 mythologieam
935 4307 1100 4362 ostenderet.

472 4397 493 4467 ίἱ)
522 4397 557 4451 cf.
576 4397 677 4452 Vollm.
696 4418 724 4468 p.
744 4400 779 4453 29
798 4415 838 4466 sq.
863 4400 892 4452 et
910 4397 1081 4452 Kerclrhoffii
1105 4398 1138 4451 de
1158 4398 1197 4452 st.
1216 4398 1352 4453 facultate
1371 4402 1553 4472 extemporali

382 4487 572 4554 quaestionem
590 4487 619 4556 (l.
639 4487 669 4557 1.)
1106 4524 1110 4533 ·
1581 4515 1584 4521 ·

471 4575 492 4643 3)
520 4577 555 4630 cf.
575 4575 752 4632 Sandstroem
780 4576 890 4647 (Studia
909 4576 968 4631 crit
992 4576 1022 4631 in
1039 4576 1107 4647 Pap.
1128 4577 1199 4632 Stat.
1218 4577 1349 4648 Upsnliae
1369 4579 1449 4650 1877)
1467 4599 1495 4651 p.
1514 4581 1553 4637 HI

381 4670 410 4719 et
433 4664 531 4723 Vollm.
550 4684 578 4736 p.
597 4668 658 4722 217.
