3884 5634
893 612 1115 677 ..34-

503 790 594 855 Haec
626 790 666 854 de
699 737 960 873 singulis⁰smtii
994 789 1156 872 operibus.
1201 790 1270 855 Iam
1298 788 1449 856 subnasci
1477 794 1586 871 potest

414 897 571 979 quaestio,
595 915 656 977 quo
680 895 713 962 in
739 916 858 980 genere
883 904 1053 979 poetarum
1075 897 1131 963 ille
1155 896 1199 963 sit
1221 897 1396 964 habendus.
1421 935 1465 944 —

501 1023 598 1087 Haud
632 1021 729 1088 dubie
761 1021 901 1087 maxima
929 1029 1089 1104 exparte
1113 1022 1168 1088 ille
1192 1028 1288 1105 poeta
1311 1021 1421 1104 apicus
1444 1041 1515 1088 esse
1537 1023 1585 1090 vi-

413 1130 530 1197 detur?
554 1128 660 1214 Quid?
684 1129 796 1195 Nonne
812 1128 882 1195 eius
898 1129 1182 1211 praestantissima
1196 1148 1295 1211 opera
1310 1135 1387 1196 sunt
1400 1129 1458 1195 illa
1471 1130 1583 1212 opica?

413 1239 461 1303 Ne
476 1238 545 1320 ipse
557 1236 685 1318 quidem
695 1236 784 1302 illius
795 1236 968 1318 praecipue
979 1242 1148 1317 poetarum
1161 1237 1291 1320 generis
1306 1255 1376 1302 esse
1390 1256 1425 1304 se
1439 1238 1583 1322 negavit,

411 1365 482 1411 oum
514 1345 573 1411 illa
604 1344 799 1428 significarit
822 1363 892 1409 esse
915 1363 1038 1410 summa
1061 1348 1218 1427 poemata,
1246 1344 1353 1410 Silvas
1377 1343 1432 1409 illo
1455 1345 1583 1411 nomine

411 1453 650 1534 praelusionum
664 1452 840 1534 appellarit
860 1451 1022 1536 (Praeti,
1035 1451 1055 1515 l.
1073 1450 1114 1535 8).
1148 1453 1241 1517 Adde
1255 1454 1340 1531 quod
1354 1451 1458 1518 veluti
1481 1452 1583 1518 amico

410 1560 502 1643 ,scire
526 1560 652 1642 petenti
677 1578 758 1640 quae
782 1558 849 1624 sint
873 1558 1007 1624 exordia
1030 1559 1137 1624 musis‘
1153 1558 1321 1624 Thebaide
1336 1566 1584 1626 commemorata

410 1667 490 1732 dicit
513 1667 728 1733 Achilleidem
752 1667 803 1748 (cf.
826 1666 883 1748 IV,
906 1668 937 1748 4,
962 1668 1025 1747 81).

499 1774 691 1854 Priusquam
725 1779 834 1839 autem
868 1775 907 1837 de
941 1773 1003 1837 hac
1032 1791 1068 1837 re
1101 1771 1318 1857 disputemuS,
1357 1773 1434 1854 quid
1465 1773 1511 1840 sit
1543 1778 1583 1842 de

409 1880 509 1947 Silvis
533 1881 757 1965 cogitandum,
789 1898 990 1960 quaeramus
1027 1916 1064 1927 -
1100 1880 1148 1945 Ne
1176 1880 1210 1946 in
1234 1880 1282 1947 eis
1305 1879 1433 1961 quidem
1456 1901 1584 1965 semper

409 1988 479 2054 fere
503 1987 683 2055 Kerckhoff
703 1988 780 2067 (1.1.
804 2007 834 2069 p.
858 1987 913 2072 32)
946 1987 1037 2052 illum
1069 2006 1187 2054 revera
1218 1994 1347 2071 poetam
1370 1988 1495 2070 epicum
1518 2008 1582 2056 nou

411 2114 481 2162 esse
506 2096 681 2162 contendit.
727 2096 813 2161 Sanc
845 2114 915 2160 cum
949 2115 990 2161 ex
1023 2095 1096 2161 aliis
1129 2095 1235 2162 causis
1267 2101 1318 2162 111
1345 2096 1406 2161 hoc
1429 2095 1581 2163 iudicium

409 2202 609 2283 iaciendum,
643 2211 711 2270 tum
744 2208 878 2286 propter
901 2204 986 2268 banc
1009 2222 1094 2286 rem,
1127 2205 1211 2284 quod
1234 2203 1361 2270 Statius
1384 2202 1490 2285 ineis
1513 2204 1582 2270 iere

409 2307 515 2377 utitur
547 2313 735 2377 hexametro
768 2311 869 2376 hervo
911 2310 950 2393 (si
992 2310 1283 2392 praetermittimus
1319 2310 1395 2377 illas
1427 2315 1583 2391 quattuor

408 2425 511 2484 metro
535 2417 876 2501 hendecasyllaborum
900 2418 1048 2484 conditas
1070 2418 1219 2501 eclogas),
1234 2416 1344 2483 'solum
1367 2417 1418 2485 bis
1441 2419 1582 2502 propriis
1698 2474 1703 2483 .

408 2525 521 2608 lyricis
544 2525 656 2591 metris
681 2532 779 2605 atque
802 2524 860 2603 ita,
883 2531 920 2590 ut
943 2524 1013 2591 cius
1037 2524 1190 2591 carminis
1210 2524 1302 2603 (Silu.
1325 2524 1381 2608 IV,
1397 2526 1439 2611 7),
1463 2526 1581 2608 inquo

409 2634 545 2715 primum
559 2630 580 2715 ¹)
605 2632 766 2714 propriam
791 2631 926 2697 formam
949 2632 1085 2713 lyricam
1109 2631 1211 2714 ipsam
1226 2631 1370 2712 adhibet,
1392 2631 1582 2701 ineuntibus

408 2740 551 2822 strophis
575 2740 696 2805 diserte
720 2741 759 2805 de
793 2757 884 2821 ,novo
908 2738 1042 2820 plectro‘
1069 2738 1174 2804 faciat
1196 2739 1306 2805 verba.
1338 2776 1382 2786 -
1413 2739 1483 2808 Iam
1506 2742 1578 2808 bre-

409 2848 496 2914 viter
519 2847 721 2927 strictimque
754 2848 793 2911 de
817 2845 979 2912 Silvarum
1008 2844 1210 2929 argumentis
1234 2844 1428 2914 disseramus
1450 2846 1484 2913 in
1506 2846 1576 2912 uni-

407 2975 543 3023 versum.
590 2956 657 3020 Leo
681 2955 712 3036 (l.
735 2954 755 3021 l.
780 2974 808 3035 p.
835 2956 850 3017 1
876 2954 934 3033 sq.)
958 2952 1086 3033 quidem
1109 2973 1147 3019 eo
1171 2953 1389 3037 progreditur,
1412 2958 1448 3020 ut
1469 2952 1576 3024 ¹Siluas

407 3083 478 3129 esse
511 3062 641 3146 generis
673 3064 856 3143 poematum
887 3059 1103 3143 elegiaoorum
1126 3062 1323 3143 pronuntiet,
1355 3060 1400 3127 sit
1423 3060 1500 3128 licet
1521 3060 1578 3127 illc

407 3172 448 3236 ab
472 3169 625 3254 elegiacis
657 3168 762 3251 poetis
795 3168 953 3252 ,diversus
976 3174 1011 3234 et
1034 3173 1137 3234 metro
1161 3174 1195 3235 11
1218 3168 1419 3253 argumentis
1443 3174 1478 3235 11
1500 3167 1578 3235 scri-

406 3279 504 3345 bendi
527 3276 663 3359 ratione,
696 3294 778 3356 quae
811 3274 987 3341 diversitas
1015 3274 1059 3342 sit
1084 3280 1262 3359 temporum
1287 3283 1321 3342 et
1344 3295 1385 3342 ex
1407 3294 1517 3343 rerum
1540 3295 1580 3342 ac

405 3373 591 3452 litterarum
613 3381 966 3465 naturaexplioanda‘.

456 3558 457 3563 ,
495 3493 558 3575 Qui
591 3509 722 3573 prorsus
746 3496 845 3567 errat,
878 3508 949 3554 cum
977 3495 1074 3571 putat
1096 3510 1176 3574 ,esse
1201 3491 1313 3556 locum‘
1336 3491 1375 3575 (Ι,
1400 3490 1429 3568 2,
1454 3490 1472 3553 7
1497 3489 1579 3560 Silv.
1648 3478 1650 3483 ¹

406 3601 444 3666 oi
469 3600 584 3667 Vollm.
617 3620 645 3681 p.
670 3597 750 3681 239)
783 3600 888 3679 (quem
921 3596 1048 3663 scilicet
1079 3598 1161 3664 satis
1193 3618 1251 3679 per
1283 3597 1349 3664 vim
1381 3601 1500 3680 mutat)
1532 3598 1581 3682 ,in

406 3707 492 3774 Stati
517 3705 624 3789 Silvis
656 3723 718 3785 quo
742 3704 892 3789 Elegiam
915 3703 1049 3769 inducat
1073 3725 1109 3771 eo
1134 3706 1276 3788 invento,
1309 3707 1392 3785 quod
1417 3703 1576 3771 mutatam

405 3813 568 3899 elegorum
601 3812 817 3880 condicionem
851 3818 1005 3892 tanquam
1037 3811 1178 3896 imagine
1210 3812 1373 3896 illustret‘,
1405 3822 1503 3894 atque
1526 3812 1580 3879 ita

405 3916 546 4009 Statium
578 3922 681 4004 ipsum
714 3920 749 3984 id
780 3920 960 4000 studuisse,
993 3926 1030 3985 ut
1053 3919 1253 4003 significaret
1276 3920 1475 3987 hexametris
1497 3918 1576 3986 solis

281 4020 284 4027 ’
405 4029 553 4097 versibus
586 4036 623 4094 ut
654 4047 740 4095 nova
771 4027 950 4110 elegiarum
983 4026 1087 4094 forma
1120 4047 1190 4094 esse
1223 4028 1378 4094 utendum
1401 4032 1493 4093 etse
1517 4025 1575 4093 uti.

403 4139 603 4219 Supersedeo
645 4142 753 4201 autem
786 4134 880 4215 plura
912 4136 1015 4201 verba
1046 4134 1154 4200 facere
1187 4137 1227 4200 de
1259 4134 1378 4200 Leonis
1409 4132 1579 4200 sententia

402 4261 466 4310 non
498 4243 594 4326 plane
640 4244 824 4324 probanda,
866 4242 1016 4322 quoniam
1049 4243 1192 4309 Vollmer
1220 4247 1261 4324 (p.
1286 4243 1329 4308 25
1352 4240 1411 4325 sq.)
1443 4242 1483 4306 de
1515 4240 1576 4307 illa

403 4351 591 4432 quaestione
615 4350 734 4433 optime
759 4350 947 4431 disputavit.
995 4350 1105 4430 Neque
1138 4349 1222 4415 enim
1254 4355 1305 4415 est
1328 4348 1468 4425 dubium,
1495 4347 1574 4428 quin

403 4460 455 4525 hic
477 4459 498 4526 l.
521 4460 541 4524 l.
565 4458 680 4524 merito
705 4458 868 4525 Silvarum
900 4464 1093 4539 argumenta
1125 4459 1238 4522 doceat
1272 4456 1391 4538 partim
1424 4460 1574 4539 spectare

491 4676 724 4746 bmpfflm
