3884 5634
885 630 1109 693 -12-

405 806 536 874 ultimos
560 806 635 872 illos
658 824 783 886 versus,
808 825 904 887 quam
928 808 1020 873 nullo
1043 808 1115 872 loco
1139 806 1206 873 nisi
1228 806 1306 891 illis,
1329 805 1447 887 quibus
1471 807 1578 889 repul·

404 933 474 980 sam
498 912 716 996 Capitolinam
740 920 975 992 commemorat,
998 913 1146 980 vidimus.
1509 920 1512 928 '
1587 936 1590 944 ·

492 1039 562 1105 Iam
585 1043 704 1119 poetae
728 1038 801 1121 ipsa
823 1038 927 1105 rerba
950 1024 1203 1121 perscrutemur.

493 1162 587 1247 Quod
619 1183 655 1229 se
687 1168 766 1229 ωηο
798 1165 924 1229 demum
957 1165 1057 1246 longo
1091 1168 1167 1245 post
1210 1168 1355 1246 tempore
1393 1156 1521 1231 denuo
1536 1164 1578 1229 ab

404 1270 600 1351 imperatore
624 1272 735 1354 gratia
759 1289 830 1336 esse
854 1270 1008 1337 affectum
1032 1270 1190 1354 queritur,
1211 1270 1317 1336 Statio
1340 1265 1579 1338 scimus'illum

404 1378 517 1457 Albae,
542 1378 596 1444 ubi
621 1396 692 1445 eum
716 1397 744 1444 a.
769 1380 813 1444 90
835 1384 1033 1461 postremum
1058 1378 1091 1443 in
1115 1389 1254 1462 agonem
1281 1378 1428 1455 prodisse
1461 1378 1578 1445 verisi-

404 1484 479 1551 mile
503 1490 563 1569 est,
585 1484 717 1568 favisse,
740 1503 859 1551 revera
883 1487 924 1551 de
947 1485 1038 1552 nulla
1069 1485 1137 1551 alia
1170 1485 1232 1551 tali
1265 1474 1377 1567 gratia
1399 1482 1588 1552 Domitiani

405 1591 564 1658 certiores
587 1610 695 1658 sumus
718 1592 807 1659 iacti.
1525 1583 1527 1586 ’

431 1760 434 1768 -
494 1716 557 1783 Sed
581 1717 668 1797 quod
691 1722 791 1799 poeta
815 1722 956 1783 exeunte
989 1736 1073 1783 anno
1097 1719 1158 1801 94,
1182 1735 1244 1799 quo
1267 1716 1338 1784 fere
1357 1723 1501 1801 tempore
1535 1722 1589 1786 ad*

405 1842 517 1890 cenam
540 1829 678 1892 vocatus
702 1830 784 1907 erat,
808 1844 867 1905 pro
881 1844 945 1905 qna
959 1844 997 1889 re
1012 1824 1136 1906 gratias
1151 1844 1256 1908 agens
1275 1826 1465 1906 imperatori
1485 1827 1543 1912 IV,
1558 1823 1590 1892 2'

405 1931 517 2016 mittit,
540 1933 639 2015 longo
663 1936 738 2015 post
761 1938 908 2012 tempore
923 1923 1028 1998 denuo
1053 1939 1132 1998 tunc
1147 1933 1272 1997 demum
1288 1920 1368 1998 talis
1383 1935 1577 2001 clementiae

405 2038 540 2123 tyranni
563 2046 598 2105 se
629 2058 700 2105 esse
733 2027 863 2104 factum
888 2039 1081 2123 participem
1115 2039 1212 2122 dicit,
1235 2047 1322 2106 num'
1343 2029 1579 2108 tandem-'fieri

405 2146 522 2231 potuit,
543 2151 580 2212 ut
595 2142 790 2231 scauusut
813 2153 886 2212 erat
911 2152 1035 2230 cautus,¹
1057 2147 1090 2212 in
1105 2147 1257 2232 carmine,
1276 2166 1339 2230 quo
1353 2147 1457 2230 ipsum
1469 2148 1579 2214 Domi·

405 2254 529 2320 tianum
544 2254 741 2338 celebrabat,
764 2253 795 2319 ei
810 2254 985 2334 opprobrio
1006 2255 1039 2320 id
1063 2257 1166 2321 solnm
1179 2261 1310 2322 vertere
1325 2255 1471 2338 auderet,
1494 2257 1579 2337 quod

405 2362 469 2428 sibi
494 2361 550 2427 diu
573 2363 699 2427 nullum
723 2363 825 2427 talem
849 2361 1001 2427 bonorem
1024 2354 1224 2440 habuisset,
1250 2360 1399 2442 quamvis
1424 2362 1578 2429 modestis

405 2470 525 2535 verbis.
560 2468 757 2550 Ceteroquin
779 2488 885 2535 nonne
914 2475 1013 2551 poeta
1036 2468 1149 2535 fuisset
1172 2487 1236 2535 non
1253 2468 1367 2535 'minus
1398 2468 1588 2537 inurbanus

406 2596 501 2657 qnam
527 2578 653 2661 audax,
682 2577 710 2641 si
732 2576 924 2666 imperatori
947 2576 981 2641 in
1004 2578 1120 2659 ecloga
1144 2594 1209 2657 qna
1230 2575 1264 2641 ei
1297 2575 1425 2657 gratias
1449 2576 1520 2660 agit
1544 2577 1577 2642 id

406 2686 508 2750 solum
542 2683 674 2749 diserte
697 2684 806 2751 dicere
839 2684 999 2751 voluisset
1031 2683 1106 2747 sibiv
1123 2684 1218 2749 hanc
1239 2683 1445 2749 clementiam
1478 2686 1577 2767 longo

405 2797 479 2888 post
501 2797 646 2874 tempore
671 2792 804 2860 demum·
820 2790 959 2878 venire?
1043 2835 1045 2840 ·

494 2917 673 2983 Ad'meum
697 2918 828 2998 quidem
852 2935 982 2983 sensum
1011 2921 1046 2981 et
1070 2914 1221 2981 indicium
1254 2916 1335 2983 talis
1356 2915 1578 2998 uituperatio,

407 3025 497 3106 quali
521 3031 617 3090 caute
640 3023 708 3090 illis
736 3024 835 3091 tectis
867 3024 977 3092 verbis
999 3023 1230 3091 Domitianum·
1254 3022 1377 3106 afficit,
1410 3023 1481 3089 fieri
1513 3043 1577 3116 non

405 3132 521 3213 potnit,
545 3131 608 3197 nisi
631 3131 661 3196 ei
683 3150 748 3197 non
770 3132 871 3198 solum
895 3133 988 3198 nulla
1011 3130 1090 3197 talis
1125 3131 1309 3215 clementia,
1333 3133 1390 3197 sed
1423 3132 1498 3213 ipsa
1530 3117 1577 3196 in-

407 3238 583 3305 clementia
606 3239 742 3322 tyranni
766 3238 939 3322 obtigerat,
962 3238 1027 3312 nisi
1056 3238 1254 3305 contrarium
1287 3245 1481 3323 acceperat,
1514 3238 1577 3304 nisi

405 3346 440 3411 id
462 3346 568 3430 ipsum
592 3345 719 3412 Statius
738 3346 922 3429 siguificare
945 3345 1060 3414 voluit.
1093 3382 1137 3393 —
1170 3346 1279 3426 Atque
1302 3347 1350 3412 ita
1382 3346 1486 3429 verba
1517 3365 1577 3412 sna

405 3453 557 3537 intellegi
580 3471 650 3519 sese
675 3454 762 3530 velle
785 3459 892 3535 poeta,
917 3460 952 3520 ut
977 3454 1165 3536 videbimus,
1189 3454 1259 3534 ipse
1290 3453 1372 3519 satis
1404 3453 1576 3536 perspicue

407 3580 446 3627 ac
470 3560 613 3627 dilucide
637 3578 695 3626 nos
720 3561 837 3626 docuit.
861 3598 904 3607 —

495 3687 564 3753 Iam
589 3685 657 3751 alia
679 3686 735 3752 via
758 3686 990 3769 ingrediamur,
1023 3693 1061 3753 ut
1094 3686 1308 3752 diiudicemus
1341 3685 1575 3767 quaestionem.

405 3795 475 3861 Iam
498 3795 532 3861 id
553 3812 765 3875 quaeramus,
789 3794 946 3874 quomodo
971 3796 1026 3860 vel
1049 3794 1105 3860 ubi
1128 3793 1218 3875 prius
1243 3793 1321 3859 talis
1345 3794 1445 3878 lucis,
1468 3794 1575 3874 qualis

405 3903 519 3983 Albae,
542 3900 708 3982 particeps
731 3900 804 3965 fieri
827 3902 981 3982 potuerit.
1006 3939 1049 3948 —
1072 3901 1148 3966 Etsi
1171 3901 1259 3966 lraud
1288 3901 1384 3967 dubie
1418 3901 1496 3967 talis
1520 3900 1576 3966 lux

403 4009 433 4074 ei
456 4008 547 4090 prius
570 4008 685 4074 venire
715 4007 825 4090 potuit
858 4008 1018 4093 singulari
1051 4008 1124 4090 ipsa
1155 4008 1362 4091 imperatoris
1394 4007 1576 4084 clementia,

404 4116 492 4198 quali
517 4115 626 4181 affecit
649 4134 722 4181 eum
746 4116 788 4181 ad
805 4134 918 4181 cenam
936 4136 1066 4196 vocans,
1091 4123 1200 4181 tamen
1216 4118 1302 4196 qnod
1318 4116 1442 4181 Statius
1458 4113 1576 4189 verbis,

405 4224 518 4305 quibus
541 4224 648 4303 ipsum
672 4228 850 4306 tyrannum
875 4223 1073 4308 alloquitur,
1096 4223 1159 4289 sibi
1192 4222 1290 4305 longo
1322 4229 1397 4305 post
1430 4228 1576 4303 tempore

406 4338 485 4396 ωηο
509 4331 609 4397 talem
632 4332 739 4396 lucem
763 4331 891 4397 venisse
915 4331 1140 4415 conqueritur,
1162 4350 1227 4396 non
1247 4328 1394 4410 potuisse
1417 4327 1505 4408 fieri,
1539 4334 1576 4395 ut

405 4440 563 4504 audacter
586 4445 687 4519 atque
716 4438 876 4504 inurbane
901 4440 1004 4505 verba
1035 4440 1084 4504 ita
1107 4438 1257 4520 intellegi
1280 4436 1401 4519 vellet,
1434 4441 1472 4501 ut
1504 4454 1575 4502 eam

405 4566 473 4613 rem
498 4551 709 4627 quereretur,
744 4546 830 4626 quod
862 4546 1067 4612 Domitianus
1100 4564 1134 4610 se
1167 4563 1231 4610 non
1264 4543 1354 4624 prius
1387 4546 1430 4611 ad
1463 4561 1574 4610 cenam

405 4660 556 4721 vocasset
579 4654 633 4721 vel
666 4652 728 4718 sibi
761 4673 823 4719 non
856 4653 945 4736 prius
980 4652 1176 4736 singularem
1210 4652 1361 4717 bonorem
1394 4652 1574 4730 tribuisset,
