3884 5634
861 609 1083 675 „45-

385 784 485 856 ganda,
503 787 537 839 ut
554 785 650 839 eadem
670 784 736 840 Silv.
746 786 792 855 ΙΙΙ,
804 785 829 853 1,
839 785 873 840 96
893 784 997 839 dicitur
1015 785 1121 839 domus.
1142 814 1175 824 -
1195 785 1315 855 appulit
1332 802 1432 839 navam
1450 784 1558 839 Statius

388 890 453 929 sane
473 891 505 929 eo
524 873 595 943 loco,
615 891 699 944 quem
716 892 744 929 v.
764 875 800 929 15
818 891 859 943 sq.
879 873 1022 940 describit,
1041 876 1071 927 et
1089 874 1135 927 cui
1153 890 1229 928 nunc
1247 890 1348 929 nomen
1367 876 1424 929 est:
1448 874 1560 929 Mariua

310 1032 313 1039 Ι
386 964 416 1017 di
433 963 531 1018 l'uolo.
562 963 648 1018 Redit
665 967 760 1019 autem
779 963 860 1032 quasi
879 964 972 1017 animo
991 982 1016 1017 v.
1040 965 1073 1018 17
1092 981 1151 1031 sq:
1170 979 1236 1018 sane
1255 981 1269 1018 e
1287 980 1359 1018 nave
1377 964 1468 1034 primo
1487 964 1557 1033 loco,

383 1055 416 1107 ut
428 1052 535 1107 Beloch
554 1053 661 1123 optime
679 1052 750 1108 illud
770 1052 876 1123 ‚prima‘
895 1071 920 1108 v.
938 1055 970 1108 17
989 1053 1192 1124 interpretatus
1211 1055 1261 1120 est,
1281 1052 1390 1123 aspexit
1408 1052 1511 1108 balnea
1522 1083 1557 1095 -

382 1142 426 1196 ita
434 1145 466 1195 ut
477 1159 541 1197 cum
551 1142 693 1197 Vollmero
702 1143 767 1212 post
775 1141 850 1209 ,exit‘
860 1160 885 1197 v.
897 1144 930 1197 16
941 1146 1086 1212 punctum,
1100 1158 1163 1196 cum
1173 1143 1284 1198 Klotzio
1294 1143 1393 1214 (Curae
1404 1142 1557 1197 Statianae.

384 1231 454 1286 Dies.
465 1232 540 1303 Lips.
553 1233 622 1288 1896
630 1249 658 1302 p.
672 1232 714 1300 10)
724 1231 828 1301 duplex
836 1234 972 1302 punctum
983 1232 1021 1286 sit
1029 1232 1188 1301 ponendum
1201 1235 1264 1300 poet
1282 1232 1383 1303 ,gratia
1391 1232 1483 1303 prima
1492 1233 1556 1288 loci‘

383 1322 458 1375 all.
478 1322 521 1392 (In
530 1320 740 1376 editioneKlotr
750 1320 800 1375 illo
810 1320 871 1376 loeo
881 1320 980 1374 scribit
989 1322 1117 1390 comma.)
1137 1321 1259 1392 Longius
1269 1322 1557 1392 progrediensdeinde

383 1412 589 1479 praetervectus
603 1414 646 1466 est
659 1427 722 1487 eum
737 1410 838 1487 locum,
858 1409 907 1477 qui
922 1425 996 1463 nunc
1016 1411 1189 1465 nominatur:
1203 1411 1297 1465 Puute
1307 1412 1383 1466 della
1392 1411 1557 1480 Calcarella,

383 1502 412 1551 et
431 1516 487 1567 quo
505 1499 536 1553 in
554 1517 666 1555 summo
682 1504 742 1554 erat
760 1500 856 1569 ampla
874 1497 959 1564 villa;
980 1516 1076 1554 revera
1093 1503 1188 1554 autem
1208 1500 1392 1570 egredientis
1407 1516 1478 1556 nave
1490 1503 1556 1555 ante

384 1587 496 1643 domum
516 1588 631 1651 inerunt
648 1589 755 1659 templa
773 1589 832 1645 illa.
852 1620 886 1629 —
906 1589 950 1642 Ita
969 1589 1054 1643 verba
1068 1588 1153 1644 Statii
1165 1590 1235 1644 satis
1247 1589 1414 1660 simpliciter
1428 1589 1557 1660 intellegi

383 1686 507 1747 possunt.
536 1710 570 1718 -
599 1679 640 1733 De
668 1678 880 1749 interpretando
899 1697 924 1732 v.
943 1680 979 1733 48
1008 1679 1166 1733 eonsentior
1185 1696 1247 1733 cum
1271 1678 1409 1734 Vollmero
1427 1680 1465 1751 (p.
1484 1680 1557 1749 346).

383 1765 487 1822 Contra
514 1770 609 1823 autem
627 1768 777 1837 Klotzium,
805 1768 855 1835 qui
874 1766 908 1820 de
935 1766 1034 1821 umbra
1052 1766 1146 1837 villae,
1175 1768 1209 1822 de
1237 1768 1360 1839 imagine
1378 1768 1464 1825 villae
1483 1785 1558 1837 aqua

383 1860 496 1927 recepta
514 1856 584 1912 facit
603 1858 688 1924 verba
705 1858 780 1931 (diss.
799 1876 826 1928 p.
846 1857 900 1929 27),
920 1872 1049 1911 moneam
1073 1857 1159 1911 haec:
1196 1857 1280 1928 Apud
1299 1857 1420 1912 Statium
1438 1858 1558 1929 legimus

385 1946 496 2014 ‚montis
515 1948 597 2017 opaci
615 1947 731 2003 umbra‘.
756 1946 821 2001 Mea
839 1946 951 2014 quidem
971 1948 1111 2000 sententia
1129 1964 1172 2001 res
1190 1947 1230 2000 ita
1245 1962 1303 2001 sese
1316 1946 1410 2016 habet,
1429 1950 1461 2001 ut
1473 1949 1559 2017 poeta

382 2035 427 2088 his
445 2035 537 2090 verbis
555 2036 695 2107 significat
714 2035 940 2106 promunturium
958 2036 1151 2090 Surrentinum
1171 2035 1250 2102 illud,
1279 2037 1358 2090 euius
1389 2036 1489 2090 umbra
1507 2037 1558 2090 sub

383 2141 524 2195 vesperem
552 2125 627 2180 haud
656 2126 740 2180 dubie
768 2126 846 2180 cadit
872 2126 902 2179 in
930 2126 1015 2179 maris
1044 2126 1178 2181 orientem
1196 2142 1290 2181 versure
1313 2128 1439 2195 partem,
1467 2126 1557 2196 ipsam

385 2214 480 2269 villam
511 2216 622 2270 demum
652 2215 789 2271 vocabulo
809 2215 966 2285 praetoria*
987 2234 1012 2269 v.
1033 2218 1076 2285 49,
1106 2232 1178 2283 quae
1198 2217 1296 2269 natare
1315 2216 1396 2282 quasi
1415 2216 1475 2271 visa
1493 2218 1559 2269 sunt

384 2304 415 2358 in
432 2284 564 2359 illo¹ainu
583 2305 634 2374 qui
652 2308 695 2359 est
713 2305 786 2359 inter
795 2306 992 2376 promunturia
1007 2305 1109 2374 quibus
1121 2322 1196 2359 nunc
1209 2305 1323 2359 nomina
1335 2307 1419 2359 sunt:
1438 2304 1514 2376 Sapo
1528 2305 1557 2358 di

384 2392 514 2448 Surrento
533 2398 562 2449 et
580 2394 657 2465 (lapo
676 2394 706 2448 di
724 2395 824 2451 Massa.

473 2484 532 2537 lam
560 2484 733 2554 disputemus
761 2485 795 2539 de
823 2503 848 2540 v.
875 2486 928 2551 35,
956 2483 986 2538 in
1015 2501 1071 2552 quo
1100 2484 1268 2554 explicando
1296 2483 1420 2538 Vollmer
1447 2502 1475 2554 p.
1502 2484 1556 2538 344

385 2572 504 2626 maxime
523 2589 615 2627 errare
634 2574 705 2627 mihi
724 2573 843 2628 videtur.
875 2572 970 2640 Neque
989 2573 1064 2627 enim
1083 2574 1173 2643 magis
1192 2573 1226 2628 de
1245 2572 1370 2627 Lechaeo
1390 2605 1423 2613 -
1443 2590 1509 2627 eane
1522 2604 1555 2613 -

383 2661 565 2731 cogitandum
584 2666 627 2717 ert
645 2680 749 2732 quam,
777 2665 810 2716 ut
836 2663 885 2717 ille
904 2663 947 2717 vir
971 2662 1071 2718 doctus
1089 2664 1224 2731 adnotat,
1252 2663 1286 2717 de
1314 2663 1393 2732 lyceo
1411 2663 1457 2717 vel
1475 2662 1556 2732 lyaeo

382 2750 458 2819 quod
486 2755 546 2806 erat
573 2753 604 2806 in
632 2770 695 2807 arce
723 2754 785 2824 ipso
804 2752 949 2821 Corinthi,
978 2753 1111 2821 quoniam
1135 2752 1171 2806 ab
1190 2769 1223 2806 eo
1242 2752 1303 2822 ipso
1323 2752 1440 2821 ,ferebat
1457 2752 1558 2806 semita

381 2843 459 2894 tecta
488 2841 524 2895 ad
552 2842 663 2897 culmen
690 2843 797 2897 altum‘.
835 2841 978 2907 Quomodo
1006 2845 1100 2896 autem
1128 2841 1318 2911 intellegimus
1345 2841 1453 2895 tradita
1471 2841 1557 2896 verba

382 2930 428 2999 ,ab
447 2926 514 2985 Inoo
534 2931 621 3000 lycco‘
640 2931 684 2988 vel
705 2932 802 3001 ,lyaeo‘
823 2933 897 3000 quod
917 2931 1085 2987 vocabulum
1099 2931 1236 3000 praebent
1248 2930 1378 2986 nonnulli
1392 2931 1509 2988 codices.
1521 2962 1554 2971 -

383 3021 425 3072 Ac
443 3020 564 3089 primum
592 3021 706 3089 quidem
729 3021 838 3091 lyceum
858 3037 913 3075 oon
934 3037 992 3076 esse
1011 3022 1163 3091 geniunum
1181 3021 1309 3075 existimo
1328 3037 1361 3075 ea
1380 3038 1408 3075 re
1428 3021 1555 3091 respecta

383 3125 467 3175 quam
496 3110 553 3163 iam
582 3111 635 3165 viri
666 3111 741 3165 docti
764 3110 1039 3179 animadverterunt,
1066 3111 1141 3178 quod
1168 3110 1280 3165 omnino
1308 3109 1386 3164 nullo
1405 3111 1486 3165 modo
1505 3111 1554 3164 Ino

382 3198 503 3266 quadrat
521 3200 558 3254 ad
574 3200 742 3270 Apollinem.
774 3200 853 3265 Quod
872 3200 973 3255 deinde
991 3199 1096 3253 attinet
1114 3200 1150 3253 ad
1168 3199 1318 3255 lectionem
1336 3200 1425 3270 lyaeo,
1444 3216 1461 3252 a
1479 3200 1554 3269 prin-

383 3288 458 3357 cipio
486 3288 578 3342 dicam
606 3288 684 3344 nullo
712 3289 774 3344 loco
802 3288 860 3359 legi
878 3292 1006 3343 neutrum
1027 3306 1113 3359 genus
1131 3289 1260 3359 lyaeum,
1289 3290 1331 3343 ita
1349 3293 1382 3344 ut
1399 3290 1480 3344 nobis
1498 3306 1554 3343 non

382 3377 421 3430 sit
449 3378 642 3434 arbitrandum
661 3378 782 3433 Statium
809 3379 985 3448 significare,
1013 3382 1045 3433 ut
1063 3378 1187 3433 Vollmer
1205 3398 1232 3449 p.
1251 3381 1304 3435 344
1323 3379 1393 3447 vult,
1417 3365 1553 3449 templum

383 3466 496 3537 Bacchi,
516 3468 546 3522 in
564 3486 620 3537 quo
639 3467 783 3523 colebatur
795 3468 844 3523 Ino
863 3468 925 3538 ipsa
937 3484 1056 3536 quoque.
1075 3469 1161 3523 Porro
1176 3468 1251 3537 quod
1264 3468 1417 3523 Pausanias
1430 3470 1465 3538 ΙΙ,
1483 3471 1508 3538 2,
1528 3471 1553 3538 6,

385 3572 468 3623 quem
484 3557 575 3611 locum
590 3558 688 3613 attulit
707 3558 782 3629 (diss.
793 3558 873 3630 p.24)
883 3558 965 3612 Klotz
975 3557 1021 3612 cui
1031 3574 1204 3627 summopere
1213 3557 1318 3611 arridet
1336 3556 1381 3627 (cf.
1392 3557 1459 3613 edit.
1469 3578 1498 3627 p.
1506 3559 1552 3628 43)

383 3645 489 3714 ‚lyae0‘‚
508 3650 605 3701 narrat
623 3648 708 3702 fuisse
726 3649 756 3703 in
775 3648 834 3704 loro
845 3647 1152 3716 duasBacchietatuas,
1171 3646 1240 3700 mihi
1251 3645 1372 3714 quidem,
1391 3663 1552 3715 quanquam

382 3736 441 3790 sine
452 3737 536 3792 dubio
546 3754 596 3807 per
610 3754 638 3792 se
653 3739 723 3793 bene
734 3738 800 3793 deus
810 3738 970 3793 nominatur
981 3738 1071 3805 Inous,
1089 3737 1195 3791 Statius
1213 3752 1313 3806 parum
1331 3735 1456 3790 dilucide
1471 3736 1554 3804 ‘loqui

382 3825 530 3896 videretur,
561 3827 585 3881 si
608 3827 666 3881 illis
685 3828 776 3882 verbis
794 3827 911 3883 alteram
931 3827 1045 3881 illarum
1064 3829 1221 3882 statuarum
1240 3825 1398 3895 significare
1415 3828 1445 3879 et
1462 3825 1554 3880 dicere

382 3916 516 3970 voluisset
543 3917 579 3970 ab
607 3934 640 3971 ea
669 3916 740 3971 ferro
758 3917 894 3971 semitam.
922 3948 956 3958 -
984 3916 1055 3971 Sane
1083 3916 1238 3970 diiudicare
1265 3932 1322 3969 non
1340 3931 1452 3983 possum
1470 3931 1553 3982 quae·

382 4003 517 4071 stionem;
548 4006 618 4060 mihi
646 4010 740 4061 autem
764 4006 888 4076 genuina
905 4006 990 4061 lectio
1009 4007 1136 4061 interisse
1155 4006 1216 4075 ipsa
1234 4008 1320 4072 atque
1338 4020 1389 4073 pro
1407 4020 1447 4074 ea,
1468 4020 1553 4072 quam

383 4092 474 4148 adhuc
494 4112 550 4149 non
569 4095 657 4163 video,
677 4095 769 4150 simile
788 4096 895 4164 aliquid
915 4097 961 4167 (cf.
981 4116 1006 4152 v.
1027 4098 1089 4166 100)
1108 4095 1242 4163 scriptum
1261 4092 1380 4149 videtur.

809 4259 1125 4345 smmum

472 4421 495 4458 v.
516 4403 559 4459 62.
597 4397 660 4471 ,Sed
678 4402 800 4470 venient,
819 4400 909 4472 plenis
928 4401 1042 4457 venient
1062 4399 1182 4454 conubia
1200 4397 1307 4452 taedis:

595 4492 635 4547 sic
654 4495 728 4547 certe
747 4492 908 4560 formaeque
926 4491 1007 4546 bonis
1025 4489 1168 4557 animique
1186 4488 1316 4556 meretur,

596 4583 654 4637 sive
673 4582 773 4652 chelyn
793 4580 937 4653 complexa
954 4581 1028 4651 petit
1045 4597 1093 4634 sen
1112 4594 1180 4633 voce
1197 4579 1316 4647 paterna

594 4672 755 4733 discendum
775 4672 862 4726 Musis
880 4674 961 4726 sonat
979 4676 1008 4725 et
1026 4687 1088 4725 msa
1107 4668 1232 4724 carmina
1249 4665 1339 4721 flectit

596 4763 716 4817 candida
734 4780 782 4817 seu
801 4761 880 4816 molli
898 4760 1011 4816 diducit
1029 4758 1162 4814 bracchia
1180 4760 1284 4813 mctu‘:
