3884 5634
867 573 1086 637 ..26-

384 753 582 821 scholastica
624 752 784 833 quaedam
826 752 966 834 σχήματα
1009 758 1043 816 et
1080 746 1233 834 1111111111)
1275 751 1430 832 quosdam
1472 752 1560 833 apud

384 862 532 927 rhetores
556 859 729 926 sollemnes
752 858 939 941 recognosci
952 857 975 940 ²)
999 859 1033 925 in
1057 858 1145 925 illius
1170 859 1301 940 eclogia

474 967 539 1033 Sed
571 986 613 1033 ne
644 967 707 1032 hac
741 965 871 1046 quidem
904 966 936 1032 in
970 985 1006 1032 re
1039 968 1135 1046 plane
1168 971 1354 1031 monstrare
1391 983 1559 1048 possumus

384 1075 520 1158 singulis
543 1075 652 1152 rebus,
676 1080 840 1154 quatenus
865 1078 1020 1140 accurate
1044 1073 1085 1138 ab
1108 1072 1178 1138 illis
1192 1071 1385 1155 praeceptis
1401 1075 1559 1153 pendeat3

385 1202 459 1248 narn
484 1186 541 1248 aut
574 1180 702 1247 omnino
736 1182 854 1246 desunt
886 1180 948 1246 illa
977 1182 1138 1262 exempla,
1172 1186 1230 1245 aut
1253 1198 1312 1246 nos
1336 1179 1463 1259 quidem
1488 1180 1559 1260 ipsa

385 1296 538 1356 accurate
561 1307 625 1354 non
656 1288 812 1354 habemus
845 1288 988 1371 cognita.
1033 1287 1106 1352 Huc
1131 1286 1279 1369 accedit,
1313 1287 1399 1366 quod
1423 1287 1559 1365 Statius,

384 1396 439 1478 qui
463 1396 591 1461 omnino
607 1414 773 1476 nunquam
798 1393 866 1460 fere
890 1414 954 1461 non
970 1394 1021 1460 sui
1035 1394 1149 1460 iudicii
1164 1401 1224 1477 est,
1239 1394 1439 1477 saepissime,
1462 1413 1558 1475 quarn

385 1503 610 1589 quaestionem
633 1500 720 1567 infra
744 1502 953 1585 attingemus,
980 1501 1047 1568 illis
1071 1501 1275 1568 scholasticis
1299 1520 1375 1567 usus
1399 1502 1558 1584 exemplis

384 1610 538 1678 sollerter
570 1629 609 1675 ac
642 1611 806 1676 commode
844 1616 1038 1694 argumenta
1075 1613 1209 1694 tractat,
1246 1629 1342 1677 veros
1375 1627 1489 1674 sensus
1523 1619 1558 1674 et

385 1717 484 1784 animi
516 1717 672 1801 impetus,
713 1734 792 1784 vere
831 1717 992 1799 poeticam
1024 1717 1166 1782 indolem
1199 1723 1350 1797 praestat
1375 1716 1488 1781 -ita
1520 1723 1558 1782 ut

385 1824 571 1891 memoriam
604 1824 674 1890 eius
705 1824 766 1902 rei,
804 1824 889 1905 quod
922 1830 974 1891 est
1007 1824 1138 1891 scholae
1171 1826 1330 1903 alumnus,
1364 1843 1469 1907 paene
1502 1825 1556 1888 ob-

384 1933 591 1998 1111111111.-

472 2038 639 2105 Paulatim
663 2058 702 2105 ao
725 2038 844 2105 sensim
868 2039 1001 2105 exstitit
1024 2057 1109 2105 nunc
1137 2038 1303 2119 quaestio,
1327 2057 1404 2103 num
1428 2038 1557 2103 omnino

384 2148 555 2230 ipsevere
579 2146 708 2227 poetica
731 2144 891 2213 facultate
915 2147 958 2213 sit
981 2147 1151 2229 praeditus
1181 2150 1381 2223 uenatore,
1405 2146 1492 2225 quod
1515 2145 1558 2210 sit

384 2254 549 2338 proprium
574 2253 664 2319 illius
687 2249 854 2337 ingenium
879 2273 918 2319 ac
941 2254 1076 2321 indoles.

472 2363 521 2428 Ac
544 2362 683 2443 primum
706 2360 837 2441 quidem
853 2361 893 2427 de
907 2362 969 2426 hac
984 2360 1176 2441 quaestione
1191 2378 1296 2442 pauca
1310 2360 1412 2426 verba
1429 2358 1558 2426 faciam.

383 2470 468 2537 Sane
492 2468 706 2537 inveniuntur
729 2469 809 2554 loci,
833 2469 955 2535 utiam
981 2486 1081 2551 supra
1105 2468 1261 2552 diximus,
1285 2466 1451 2550 nonnulli,
1476 2486 1558 2548 quos

383 2576 534 2660 Statium,
558 2582 595 2642 ut
619 2577 793 2654 conderet,
816 2576 872 2645 illo
896 2576 1065 2642 immodico
1099 2574 1206 2640 studio
1236 2593 1289 2639 res
1312 2574 1558 2643 accuratissime

385 2683 584 2767 depingendi
617 2684 784 2749 seductum
828 2680 898 2749 'esse
932 2682 1090 2765 diximus,
1133 2681 1190 2762 qui
1223 2700 1303 2746 sane
1335 2700 1449 2765 parum
1482 2691 1560 2749 suut

385 2790 513 2875 poetici.
560 2790 673 2872 Neque
697 2796 748 2857 est
773 2790 922 2870 dubium,
947 2789 1027 2870 quin
1051 2793 1224 2854 occurrant
1247 2788 1310 2854 loci
1335 2808 1478 2874 quoque,
1503 2790 1558 2871 qui

385 2918 449 2965 non
473 2897 599 2981 pulchri
622 2902 734 2963 nostro
758 2914 854 2962 sensu
877 2916 949 2962 esse
972 2896 1150 2962 videantur
1177 2896 1304 2961 —dico
1323 2904 1434 2963 nostro
1451 2915 1556 2962 sensu.

386 3007 498 3087 Neque
523 3004 626 3084 enim,
659 3004 745 3086 quod
777 3004 816 3069 H.
841 3004 961 3070 Miller
984 3006 1016 3088 (l.
1040 3004 1060 3069 1.
1084 3025 1114 3087 p.
1141 3004 1183 3070 10
1201 3005 1277 3087 sq),
1312 3004 1367 3085 qui
1402 3005 1558 3088 imprimis

384 3114 459 3182 illos
482 3114 568 3179 locos
593 3111 700 3177 Statio
724 3110 826 3176 vertit
850 3111 1037 3194 opprobrie,
1061 3131 1087 3176 e.
1112 3132 1140 3194 g.
1165 3111 1301 3178 offendit
1323 3112 1357 3177 in
1380 3111 1460 3180 Silv.
1484 3114 1510 3194 I,
1530 3117 1560 3197 2,

386 3221 450 3288 268
474 3239 538 3303 sq,
570 3220 606 3285 id
637 3219 878 3302 neglegendum
911 3219 1004 3287 nobis
1049 3224 1100 3286 est
1132 3225 1262 3300 poetam
1296 3220 1418 3301 alloqui
1455 3220 1559 3304 ipsum

385 3346 545 3409 sponsum.
597 3325 725 3392 Scilicit
749 3345 820 3391 cum
844 3326 878 3392 in
903 3325 1123 3409 epithalamio,
1148 3329 1235 3407 quod
1259 3346 1361 3410 genus
1382 3329 1559 3395 carminum

384 3435 512 3500 minime
535 3434 687 3517 pudicum
711 3452 782 3500 esse
805 3434 923 3499 Mullor-
945 3434 1015 3515 ipse
1045 3439 1136 3499 recte
1161 3435 1327 3515 concedit,
1351 3435 1433 3501 talia
1456 3438 1560 3503 verba

385 3542 495 3608 lacere
519 3541 607 3606 haud
631 3540 728 3607 dubie
751 3547 870 3623 poetae
894 3541 1021 3623 liceret,
1046 3559 1105 3605 uos
1120 3560 1192 3607 eum
1214 3542 1446 3625 vituperemus,
1471 3547 1559 3624 quod
1599 3589 1601 3592 -

385 3668 425 3714 ne
462 3648 497 3715 in
529 3648 716 3714 Achilleide
750 3648 878 3729 quidem
917 3667 1031 3731 parum
1065 3650 1192 3731 poetice
1226 3650 1334 3717 dicere
1367 3670 1396 3715 u.
1422 3653 1485 3717 671
1511 3671 1558 3733 sq.

385 3762 530 3822 veretur.
576 3754 639 3838 Qui
663 3775 778 3822 versus
802 3774 880 3821 sane
905 3756 1066 3821 dedecent
1090 3756 1248 3823 Statium:
1273 3758 1328 3838 qui
1345 3777 1439 3839 quarn
1454 3758 1556 3841 polito

386 3870 487 3943 atque
512 3863 635 3928 urbano
659 3881 756 3928 sensu
785 3863 902 3945 fuerit,
926 3862 1075 3928 indicant
1106 3863 1142 3929 hi
1174 3884 1290 3931 versus
1324 3866 1558 3948 elegantissimi

385 3988 446 4036 nec
478 3988 543 4036 non
576 3968 815 4053 venustissimi,
848 3969 963 4050 quibus
1006 3971 1142 4054 Argiam
1185 3977 1220 4038 et
1252 3972 1431 4057 Deipylen,
1471 3973 1557 4039 filias

458 4166 478 4235 ¹)
498 4164 594 4219 Veluti
614 4164 732 4218 disserte
758 4163 843 4219 fuisse
871 4168 1029 4235 praecepta,
1058 4183 1114 4234 qua
1137 4167 1244 4222 ratione
1263 4167 1340 4222 locus
1360 4169 1393 4222 de
1414 4166 1510 4222 inferis
1529 4171 1558 4222 et

385 4253 480 4325 Elysio
499 4254 529 4308 in
548 4253 681 4323 epicediis
700 4256 771 4314 esset
789 4254 962 4321 tractandus,
991 4257 1149 4311 accuratius
1167 4273 1257 4324 nuper
1277 4257 1393 4312 Karsten
1412 4258 1556 4328 (linernos.

385 4346 440 4415 27„
460 4363 487 4414 p.
507 4344 559 4398 376
579 4345 630 4412 sq.)
650 4345 821 4399 monstravit.

457 4450 478 4519 2)
497 4452 556 4505 Hac
575 4467 604 4503 re
623 4450 760 4520 imprimis
779 4452 860 4506 illum
880 4452 970 4505 virum
990 4452 1102 4506 doctum
1127 4452 1233 4522 optimo
1252 4469 1309 4507 esse
1329 4454 1362 4507 de
1381 4454 1465 4508 Silvis
1485 4454 1556 4508 iudi-

386 4541 482 4594 candis
502 4539 631 4595 meritum
645 4539 781 4608 Weyman
810 4541 907 4610 (Bruta.
927 4541 945 4595 f.
966 4541 992 4595 d.
1013 4542 1291 4611 Gymnasialrchulw.
1330 4545 1407 4599 1899.
1445 4563 1472 4615 p.
1493 4546 1557 4611 184)

385 4629 456 4684 iuste
476 4628 556 4685 dixit.
